<?xml version="1.0" encoding="UTF-8"?>
<?xml-stylesheet type="text/xsl" href="https://www.revistas.usp.br/lib/pkp/xml/oai2.xsl" ?>
<OAI-PMH xmlns="http://www.openarchives.org/OAI/2.0/" xmlns:xsi="http://www.w3.org/2001/XMLSchema-instance" xsi:schemaLocation="http://www.openarchives.org/OAI/2.0/ http://www.openarchives.org/OAI/2.0/OAI-PMH.xsd">
<responseDate>2023-08-07T14:50:33Z</responseDate>
<request verb="ListRecords" metadataPrefix="marcxml" set="actafisiatrica">https://www.revistas.usp.br/actafisiatrica/oai</request>
<ListRecords>
<record>
<header>
<identifier>oai:revistas.usp.br:article/174183</identifier>
<datestamp>2021-07-23T18:11:16Z</datestamp>
<setSpec>actafisiatrica:Art.+Rev.</setSpec>
<setSpec>driver</setSpec>
</header>
<metadata>
<record xmlns="http://www.loc.gov/MARC21/slim" xmlns:xsi="http://www.w3.org/2001/XMLSchema-instance" xsi:schemaLocation="http://www.loc.gov/MARC21/slim http://www.loc.gov/standards/marcxml/schema/MARC21slim.xsd">
<leader>     nmb a2200000Iu 4500</leader>
<controlfield tag="008">"210331 2021                        eng  "</controlfield>
<datafield tag="022" ind1="#" ind2="#">
<subfield code="$a">2317-0190</subfield>
</datafield>
<datafield tag="022" ind1="#" ind2="#">
<subfield code="$a">0104-7795</subfield>
</datafield>
<datafield tag="042" ind1=" " ind2=" ">
<subfield code="a">dc</subfield>
</datafield>
<datafield tag="245" ind1="0" ind2="0">
<subfield code="a">Toxina botulínica A e repercussões na capacidade para andar de indivíduos pós acidente vascular cerebral: revisão sistemática</subfield>
</datafield>  <datafield tag="720" ind1="1" ind2=" ">
<subfield code="a">Alves, Layane Mendes</subfield>
<subfield code="u">Universidade Federal de Uberlândia - UFU</subfield><subfield code="0">https://orcid.org/0000-0001-6701-1618</subfield></datafield>
<datafield tag="720" ind1="1" ind2=" ">
<subfield code="a">Galaverna, Lucas dos Santos</subfield>
<subfield code="u">Universidade Federal de Uberlândia - UFU</subfield><subfield code="0">https://orcid.org/0000-0001-5581-7876</subfield></datafield>
<datafield tag="720" ind1="1" ind2=" ">
<subfield code="a">Dornelas, Lilian de Fátima</subfield>
<subfield code="u">Universidade Federal de Uberlândia - UFU</subfield><subfield code="0">https://orcid.org/0000-0001-8662-5463</subfield></datafield>
<datafield tag="520" ind1=" " ind2=" ">
<subfield code="a"> A indicação da toxina botulínica do tipo A (TBA) para indivíduos com história de acidente vascular cerebral (AVC) é uma prática clínica comum para redução da espasticidade. Objetivo: Investigar se a ação da TBA sem associação com outras intervenções impacta na capacidade da atividade de andar nos indivíduos pós-AVC. Método: Revisão sistemática com estudos provenientes da Cochrane Central Register of Controlled Trials, MEDLINE, SciELO, PEDro e LILACS, em inglês e português, entre 2010 a 2020. Foram incluídos ensaios clínicos controlados, com participantes pós AVC submetidos a aplicação de TBA em idades entre 18 a 50 anos de ambos os sexos. A seleção dos artigos foi realizada por dois avaliadores, com extração dos dados e avaliação de qualidade da evidência pela PEDro, segundo critérios de inclusão e exclusão pré-estabelecidos. Resultados: Dos 183 artigos, quatro permaneceram para análise final. A aplicação da TBA em indivíduos pós AVC ocorreu em sua maioria em flexores plantares e os achados relacionados com a atividade andar foram o aumento da passada, da velocidade da marcha, de distâncias percorridas ao caminhar e redução do tempo de execução de ações, como subir e descer degraus. Conclusão: A TBA proporciona melhora da capacidade para andar em indivíduos pós AVC e o conhecimento dos seus benefícios pós aplicação é essencial para informar aos pacientes da importância de aproveitar este momento, para modificar comportamentos que acentuam os padrões de compensação, que tanto corroboram para o retorno de limitações de atividades e não devido ao término da ação da TBA. </subfield>
</datafield>
<datafield tag="260" ind1=" " ind2=" ">
<subfield code="b">Faculdade de Medicina, Universidade de São Paulo</subfield>
</datafield>
<dataField tag="260" ind1=" " ind2=" ">
<subfield code="c">2021-03-31 00:00:00</subfield>
</dataField>   <datafield tag="856" ind1=" " ind2=" ">
<subfield code="q">application/pdf</subfield>
</datafield>
<datafield tag="856" ind1="4" ind2="0">
<subfield code="u">https://www.revistas.usp.br/actafisiatrica/article/view/174183</subfield>
</datafield>  <datafield tag="786" ind1="0" ind2=" ">
<subfield code="n">Acta Fisiátrica; v. 28 n. 1 (2021)</subfield>
</datafield>  <datafield tag="546" ind1=" " ind2=" ">
<subfield code="a">por</subfield>
</datafield>   <datafield tag="540" ind1=" " ind2=" ">
<subfield code="a">Copyright (c) 2021 Acta Fisiátrica</subfield>
</datafield>
</record>
</metadata>
</record>