
<record>
<header>
<identifier>oai:revistas.usp.br:article/174188</identifier>
<datestamp>2021-03-25T14:48:20Z</datestamp>
<setSpec>actafisiatrica:Art.+Orig.</setSpec>
<setSpec>driver</setSpec>
</header>
<metadata>
<record xmlns="http://www.loc.gov/MARC21/slim" xmlns:xsi="http://www.w3.org/2001/XMLSchema-instance" xsi:schemaLocation="http://www.loc.gov/MARC21/slim http://www.loc.gov/standards/marcxml/schema/MARC21slim.xsd">
<leader>     nmb a2200000Iu 4500</leader>
<controlfield tag="008">"200930 2020                        eng  "</controlfield>
<datafield tag="022" ind1="#" ind2="#">
<subfield code="$a">2317-0190</subfield>
</datafield>
<datafield tag="022" ind1="#" ind2="#">
<subfield code="$a">0104-7795</subfield>
</datafield>
<datafield tag="042" ind1=" " ind2=" ">
<subfield code="a">dc</subfield>
</datafield>
<datafield tag="245" ind1="0" ind2="0">
<subfield code="a">Impacto de um programa de fortalecimento muscular dos membros inferiores no equilíbrio e na performance funcional de idosos institucionalizados: um estudo controlado e randomizado</subfield>
</datafield>  <datafield tag="720" ind1="1" ind2=" ">
<subfield code="a">Leopoldino, Amanda Aparecida Oliveira</subfield>
<subfield code="u">Faculdade Ciências Médicas de Minas Gerais - FCMMG </subfield><subfield code="0">https://orcid.org/0000-0002-3958-7107</subfield></datafield>
<datafield tag="720" ind1="1" ind2=" ">
<subfield code="a">Araújo, Izabella Thalita</subfield>
<subfield code="u">Faculdade Ciências Médicas de Minas Gerais – FCMMG  </subfield><subfield code="0">http://orcid.org/0000-0002-8225-3145</subfield></datafield>
<datafield tag="720" ind1="1" ind2=" ">
<subfield code="a">Pires, Juliana Catarina</subfield>
<subfield code="u">Faculdade Ciências Médicas de Minas Gerais – FCMMG  </subfield><subfield code="0">http://orcid.org/0000-0001-5740-9673</subfield></datafield>
<datafield tag="720" ind1="1" ind2=" ">
<subfield code="a">Brito, Taís Reis de</subfield>
<subfield code="u">Faculdade Ciências Médicas de Minas Gerais – FCMMG  </subfield><subfield code="0">http://orcid.org/0000-0001-5811-5634</subfield></datafield>
<datafield tag="720" ind1="1" ind2=" ">
<subfield code="a">Polese, Janaine Cunha</subfield>
<subfield code="u">Programa de Pós-Graduação em Ciências da Saúde, Faculdade Ciências Médicas de Minas Gerais – FCMMG </subfield><subfield code="0">http://orcid.org/0000-0003-3366-1545</subfield></datafield>
<datafield tag="720" ind1="1" ind2=" ">
<subfield code="a">Bastone, Alessandra Carvalho</subfield>
<subfield code="u">Departamento de Fisioterapia, Universidade Federal dos Vales do Jequitinhonha e Mucuri – UFVJM</subfield><subfield code="0">https://orcid.org/0000-0002-2414-3730</subfield></datafield>
<datafield tag="720" ind1="1" ind2=" ">
<subfield code="a">Lima, Onésia Cristina de Oliveira</subfield>
<subfield code="u">Universidade Federal dos Vales do Jequitinhonha e Mucuri – UFVJM </subfield><subfield code="0">http://orcid.org/0000-0002-4832-0885</subfield></datafield>
<datafield tag="720" ind1="1" ind2=" ">
<subfield code="a">Schetino, Luana Pereira Leite</subfield>
<subfield code="u">Faculdade de Medicina, Universidade Federal dos Vales do Jequitinhonha e Mucuri – UFVJM </subfield><subfield code="0">http://orcid.org/0000-0002-1825-7301</subfield></datafield>
<datafield tag="520" ind1=" " ind2=" ">
<subfield code="a"> A performance funcional é maximizada através de programas de fortalecimento muscular em idosos. Contudo, poucas intervenções foram implementadas em idosos institucionalizados para avaliar os efeitos de programas de exercícios de fortalecimento muscular em desfechos como o equilíbrio, performance funcional e força muscular. Objetivo: Avaliar o impacto de um programa de fortalecimento muscular de membros inferiores no equilíbrio, performance funcional e força muscular de idosos institucionalizados. Métodos: Ensaio clínico controlado e randomizado. O equilíbrio, a performance funcional e a força muscular foram avaliados através da Escala de Equilíbrio de Berg (EEB), Marcha Tandem (MT), Short Physical Performance Battery (SPPB) e Teste do Esfigmomanômetro (TE), respectivamente. O grupo experimental (GE, n=11) participou do programa de exercícios em grupo, três vezes semanais, durante oito semanas, enquanto o grupo controle (GC, n=8) continuou sua rotina habitual. Foram calculados os intervalos de 95% de confiança para as diferenças entre os grupos experimental e controle (experimental – controle) e entre os dois momentos de observação (pós – pré). Foi realizada análise de intenção de tratar. Resultados: O GE apresentou um ganho significativo em relação ao GC para a EEB (DM=3,7 IC95% 1,0 a 6,5), MT DM=3,5 IC95% 0,7 a 6,2), FMEJ (DM=33,2 IC95% 4,9 a 61,5) e FMD (DM=37,5 IC95% 9,6 a 65,3). Conclusão: O programa de fortalecimento muscular foi capaz de melhorar o equilíbrio, a performance funcional e a força muscular em idosos institucionalizados. </subfield>
</datafield>
<datafield tag="260" ind1=" " ind2=" ">
<subfield code="b">Faculdade de Medicina, Universidade de São Paulo</subfield>
</datafield>
<dataField tag="260" ind1=" " ind2=" ">
<subfield code="c">2020-09-30 00:00:00</subfield>
</dataField>   <datafield tag="856" ind1=" " ind2=" ">
<subfield code="q">application/pdf</subfield>
</datafield>
<datafield tag="856" ind1="4" ind2="0">
<subfield code="u">https://www.revistas.usp.br/actafisiatrica/article/view/174188</subfield>
</datafield>  <datafield tag="786" ind1="0" ind2=" ">
<subfield code="n">Acta Fisiátrica; v. 27 n. 3 (2020)</subfield>
</datafield>  <datafield tag="546" ind1=" " ind2=" ">
<subfield code="a">por</subfield>
</datafield>   <datafield tag="540" ind1=" " ind2=" ">
<subfield code="a">Copyright (c) 2020 Acta Fisiátrica</subfield>
</datafield>
</record>
</metadata>
</record>