
<record>
<header>
<identifier>oai:revistas.usp.br:article/174519</identifier>
<datestamp>2022-04-01T15:27:54Z</datestamp>
<setSpec>actafisiatrica:Art.+Orig.</setSpec>
<setSpec>driver</setSpec>
</header>
<metadata>
<record xmlns="http://www.loc.gov/MARC21/slim" xmlns:xsi="http://www.w3.org/2001/XMLSchema-instance" xsi:schemaLocation="http://www.loc.gov/MARC21/slim http://www.loc.gov/standards/marcxml/schema/MARC21slim.xsd">
<leader>     nmb a2200000Iu 4500</leader>
<controlfield tag="008">"211231 2021                        eng  "</controlfield>
<datafield tag="022" ind1="#" ind2="#">
<subfield code="$a">2317-0190</subfield>
</datafield>
<datafield tag="022" ind1="#" ind2="#">
<subfield code="$a">0104-7795</subfield>
</datafield>
<datafield tag="042" ind1=" " ind2=" ">
<subfield code="a">dc</subfield>
</datafield>
<datafield tag="245" ind1="0" ind2="0">
<subfield code="a">Quedas em idosos comunitários atendidos por uma estratégia de saúde da família do município de São Leopoldo: prevalência e fatores associados</subfield>
</datafield>  <datafield tag="720" ind1="1" ind2=" ">
<subfield code="a">Carvalho, Murilo Santos de</subfield>
<subfield code="u">Universidade do Vale do Rio dos Sinos - UNISINOS</subfield><subfield code="0">https://orcid.org/0000-0003-1862-4754</subfield></datafield>
<datafield tag="720" ind1="1" ind2=" ">
<subfield code="a">Martins, Patricia</subfield>
<subfield code="u">Universidade do Vale do Rio dos Sinos - UNISINOS</subfield><subfield code="0">https://orcid.org/0000-0002-3141-0622</subfield></datafield>
<datafield tag="720" ind1="1" ind2=" ">
<subfield code="a">Santos, Franciele Souza </subfield>
<subfield code="0">https://orcid.org/0000-0002-5999-9854</subfield></datafield>
<datafield tag="720" ind1="1" ind2=" ">
<subfield code="a">Queiroz, Débora Taís Seifert</subfield>
<subfield code="0">https://orcid.org/0000-0003-1499-4942</subfield></datafield>
<datafield tag="520" ind1=" " ind2=" ">
<subfield code="a"> Idosos ocupam espaço significativo em nossa sociedade gerando uma modificação na estrutura de gastos em diversas áreas. Um dos fatores que mais colaboram para gastos em saúde é a queda acidental/recorrente, evento responsável por altas taxas de mortalidade e desenvolvimento de morbidades na terceira idade. Objetivo: Identificar a prevalência de quedas em idosos e realizar um rastreio epidemiológico dos fatores de risco encontrados nesta faixa etária. Método: Trata-se de estudo observacional do tipo descritivo transversal realizado com idosos pertencentes a uma Estratégia de Saúde da Família de São Leopoldo/RS, entre fevereiro e março de 2020. A coleta de dados se deu através de cinco instrumentos: questionário de histórico de quedas; Timed Up &amp; Go (TUG); Teste de Alcance Funcional (TAF); Dinamometria de Preensão Palmar (DPP); e Mini Exame do Estado Mental (MEEM). Para análise de dados, utilizou-se teste Qui-Quadrado de Pearson, resíduos ajustados e Odds Ratio. Resultados: Amostra foi composta por 125 idosos comunitários, 66,4% do sexo feminino e com média de idade de 70,39±6,56 anos. Mais da metade sofreu queda no último ano, sendo as de tipo recorrentes as mais prevalentes (61,6%) e 53,4% destes fraturaram algum osso como resultado da queda. O histórico de quedas demonstrou associação positiva (p&lt;0,05) ao sexo feminino, faixa etária mais elevada, viuvez, viver sozinho, polimedicação, medo de cair, ao TAF e à DPP. Conclusão: Idosos comunitários apresentam alta prevalência de quedas e diversos fatores causais associados. Reconhece-se a importância de uma avaliação multidimensional para rastrear os riscos e identificar idosos mais suscetíveis. </subfield>
</datafield>
<datafield tag="260" ind1=" " ind2=" ">
<subfield code="b">Faculdade de Medicina, Universidade de São Paulo</subfield>
</datafield>
<dataField tag="260" ind1=" " ind2=" ">
<subfield code="c">2021-12-31 00:00:00</subfield>
</dataField>   <datafield tag="856" ind1=" " ind2=" ">
<subfield code="q">application/pdf</subfield>
</datafield>
<datafield tag="856" ind1="4" ind2="0">
<subfield code="u">https://www.revistas.usp.br/actafisiatrica/article/view/174519</subfield>
</datafield>  <datafield tag="786" ind1="0" ind2=" ">
<subfield code="n">Acta Fisiátrica; v. 28 n. 4 (2021)</subfield>
</datafield>  <datafield tag="546" ind1=" " ind2=" ">
<subfield code="a">por</subfield>
</datafield>   <datafield tag="540" ind1=" " ind2=" ">
<subfield code="a">Copyright (c) 2021 Acta Fisiátrica</subfield>
</datafield>
</record>
</metadata>
</record>