
<record>
<header>
<identifier>oai:revistas.usp.br:article/174634</identifier>
<datestamp>2021-03-25T14:48:20Z</datestamp>
<setSpec>actafisiatrica:Art.+Orig.</setSpec>
<setSpec>driver</setSpec>
</header>
<metadata>
<record xmlns="http://www.loc.gov/MARC21/slim" xmlns:xsi="http://www.w3.org/2001/XMLSchema-instance" xsi:schemaLocation="http://www.loc.gov/MARC21/slim http://www.loc.gov/standards/marcxml/schema/MARC21slim.xsd">
<leader>     nmb a2200000Iu 4500</leader>
<controlfield tag="008">"200930 2020                        eng  "</controlfield>
<datafield tag="022" ind1="#" ind2="#">
<subfield code="$a">2317-0190</subfield>
</datafield>
<datafield tag="022" ind1="#" ind2="#">
<subfield code="$a">0104-7795</subfield>
</datafield>
<datafield tag="042" ind1=" " ind2=" ">
<subfield code="a">dc</subfield>
</datafield>
<datafield tag="245" ind1="0" ind2="0">
<subfield code="a">Avaliação da sarcopenia em idosos em extrema longevidade utilizando diferentes métodos e sua relação com o desempenho cognitivo</subfield>
</datafield>  <datafield tag="720" ind1="1" ind2=" ">
<subfield code="a">Andrade, Nathália de Oliveira</subfield>
<subfield code="u">Universidade Federal de Mato Grosso do Sul – UFMS </subfield><subfield code="0">https://orcid.org/0000-0003-1277-5551</subfield></datafield>
<datafield tag="720" ind1="1" ind2=" ">
<subfield code="a">Montalvão, Gustavo Henrique Martins Rodrigues</subfield>
<subfield code="u">Universidade Federal de Mato Grosso do Sul – UFMS </subfield><subfield code="0">https://orcid.org/0000-0001-8310-0469</subfield></datafield>
<datafield tag="720" ind1="1" ind2=" ">
<subfield code="a">Gama, Isadora Cecília Salgado</subfield>
<subfield code="u">Universidade Federal de Mato Grosso do Sul – UFMS </subfield><subfield code="0">https://orcid.org/0000-0002-5278-8579</subfield></datafield>
<datafield tag="720" ind1="1" ind2=" ">
<subfield code="a">Santana, Mariana de Paula</subfield>
<subfield code="u">Universidade Federal de Mato Grosso do Sul – UFMS </subfield><subfield code="0">https://orcid.org/0000-0003-1086-0808</subfield></datafield>
<datafield tag="720" ind1="1" ind2=" ">
<subfield code="a">Luchesi, Bruna Moretti</subfield>
<subfield code="u">Universidade Federal de Mato Grosso do Sul – UFMS </subfield><subfield code="0">https://orcid.org/0000-0002-0508-0818</subfield></datafield>
<datafield tag="720" ind1="1" ind2=" ">
<subfield code="a">Kwiatkoski, Marcelo</subfield>
<subfield code="u">Universidade Federal de Mato Grosso do Sul – UFMS </subfield><subfield code="0">https://orcid.org/0000-0002-5088-2940</subfield></datafield>
<datafield tag="520" ind1=" " ind2=" ">
<subfield code="a"> A sarcopenia é altamente prevalente nos idosos, gerando desafios individuais e sociais para a saúde pública, o que torna o rastreio da mesma fundamental. Objetivo: Avaliar a relação entre massa muscular esquelética (MME) e circunferência da panturrilha (CP), índice de massa corporal (IMC) e desempenho cognitivo de idosos em extrema longevidade. Método: Pesquisa transversal e quantitativa com n=69 idosos com idade igual ou maior que 90 anos, atendidos no Sistema Único de Saúde. Coletaram-se dados sociodemográficos e antropométricos. O índice de massa muscular (IMM) foi calculado com base na MME, a qual foi estimada pela fórmula de Lee e colaboradores. A definição de sarcopenia utilizada foi a proposta por Janssen e colaboradores. Foi feita a medida da CP, calculado o IMC, e o desempenho cognitivo foi avaliado pelo teste de Fluência Verbal (FV). A relação entre as variáveis foi analisada pelo teste de correlação de Spearman. Resultados: Todos os idosos foram considerados com sarcopenia severa de acordo com o IMM. Pela CP, 39,4% dos homens e 52,8% das mulheres apresentaram valores indicativos de sarcopenia; e pelo IMC, 33,3% dos homens e 36,1% das mulheres possuem baixo peso corporal. As únicas variáveis que apresentaram relação significativa e direta foram IMC e CP, para homens e mulheres. Conclusão: Não foi identificada correlação entre MME e CP, IMC e desempenho cognitivo. Sugere-se que a avaliação da sarcopenia em idosos longevos seja realizada utilizando métodos mais fidedignos. A elevada prevalência da sarcopenia realça a urgência de um olhar direcionado ao grupo de idosos longevos. </subfield>
</datafield>
<datafield tag="260" ind1=" " ind2=" ">
<subfield code="b">Faculdade de Medicina, Universidade de São Paulo</subfield>
</datafield>
<dataField tag="260" ind1=" " ind2=" ">
<subfield code="c">2020-09-30 00:00:00</subfield>
</dataField>   <datafield tag="856" ind1=" " ind2=" ">
<subfield code="q">application/pdf</subfield>
</datafield>
<datafield tag="856" ind1="4" ind2="0">
<subfield code="u">https://www.revistas.usp.br/actafisiatrica/article/view/174634</subfield>
</datafield>  <datafield tag="786" ind1="0" ind2=" ">
<subfield code="n">Acta Fisiátrica; v. 27 n. 3 (2020)</subfield>
</datafield>  <datafield tag="546" ind1=" " ind2=" ">
<subfield code="a">por</subfield>
</datafield>   <datafield tag="540" ind1=" " ind2=" ">
<subfield code="a">Copyright (c) 2020 Acta Fisiátrica</subfield>
</datafield>
</record>
</metadata>
</record>