
<record>
<header>
<identifier>oai:revistas.usp.br:article/174718</identifier>
<datestamp>2021-04-26T13:11:28Z</datestamp>
<setSpec>actafisiatrica:Art.+Orig.</setSpec>
<setSpec>driver</setSpec>
</header>
<metadata>
<record xmlns="http://www.loc.gov/MARC21/slim" xmlns:xsi="http://www.w3.org/2001/XMLSchema-instance" xsi:schemaLocation="http://www.loc.gov/MARC21/slim http://www.loc.gov/standards/marcxml/schema/MARC21slim.xsd">
<leader>     nmb a2200000Iu 4500</leader>
<controlfield tag="008">"201231 2020                        eng  "</controlfield>
<datafield tag="022" ind1="#" ind2="#">
<subfield code="$a">2317-0190</subfield>
</datafield>
<datafield tag="022" ind1="#" ind2="#">
<subfield code="$a">0104-7795</subfield>
</datafield>
<datafield tag="042" ind1=" " ind2=" ">
<subfield code="a">dc</subfield>
</datafield>
<datafield tag="245" ind1="0" ind2="0">
<subfield code="a">Seguimento de pessoas acometidas por doenças cerebrovasculares em um hospital regional amazônico: uma metodologia WHO STEP Stroke</subfield>
</datafield>  <datafield tag="720" ind1="1" ind2=" ">
<subfield code="a">Fernandes, Tiotrefis Gomes</subfield>
<subfield code="u">Universidade Federal do Amazonas - UFAM</subfield><subfield code="0">https://orcid.org/0000-0002-8563-9529</subfield></datafield>
<datafield tag="720" ind1="1" ind2=" ">
<subfield code="a">Baptista, Pedro Porto Alegre</subfield>
<subfield code="u">Universidade Federal do Amazonas - UFAM</subfield><subfield code="0">http://orcid.org/0000-0003-1472-0407</subfield></datafield>
<datafield tag="720" ind1="1" ind2=" ">
<subfield code="a">Costa, Jonathas Gonçalves da</subfield>
<subfield code="u">Universidade Federal do Amazonas - UFAM</subfield><subfield code="0">http://orcid.org/0000-0003-1018-2226</subfield></datafield>
<datafield tag="720" ind1="1" ind2=" ">
<subfield code="a">Lotufo, Paulo Andrade</subfield>
<subfield code="u">Universidade de São Paulo - USP</subfield><subfield code="0">http://orcid.org/0000-0002-4856-8450</subfield></datafield>
<datafield tag="720" ind1="1" ind2=" ">
<subfield code="a">Campos, Tania Fernandes</subfield>
<subfield code="u">Universidade Federal do Rio Grande do Norte - UFRN</subfield><subfield code="0">http://orcid.org/0000-0002-9906-3292</subfield></datafield>
<datafield tag="520" ind1=" " ind2=" ">
<subfield code="a"> O WHO STEP Stroke foi desenvolvida para monitorar casos de doenças cerebrovasculares e possibilitar comparações de incidências. Objetivo: Descrever o perfil sociodemográfico e funcionalidade de pacientes acometidos por AVC admitidos no Hospital Regional de Coari durante um ano, e acompanha-los ao longo de um mês após admissão. Método: Estudo descritivo observacional, prospectivo e de seguimento dos casos entre outubro de 2010 e outubro de 2011. Utilizou-se a primeira etapa (Step 1) do WHO STEP Stroke para avaliar as hospitalizações por AVC em Coari-AM. Foram acompanhados 23 pacientes através de questionário padrão em até dois dias na internação, 10 e 28 dias após a internação. Resultados: A população estudada tinha média de idade de 72,8 (DP= 12,4) anos, em sua maioria homens (65,7%), pardos (65,2%) e hipertensos (95,7%), com incidência hospitalar de 30 casos em 100.000 habitantes e taxa de letalidade em 10 dias de 30,4% e 28 dias de 34,8%. O comprometimento neurológico na internação teve mediana de 28 (IIQ= 15-38) pontos, sendo 73,9% classificados como grave. Houve comprometimento funcional entre os sobreviventes. Conclusão: Estudo revelou uma predominância de homens, com idade elevada, pardos, sem estudo formal, baixa renda e com histórico de hipertensão arterial e diabetes, como perfil de internação hospitalar por doenças cerebrovasculares no município. A incidência de casos hospitalares de AVC foi em 30 (por 100.000) em Coari-AM, com graves comprometimentos neurológicos na admissão, e altas taxas de letalidade e prejuízo funcional após 28 dias do evento, quando comparadas a outras localidades no Brasil e no mundo. </subfield>
</datafield>
<datafield tag="260" ind1=" " ind2=" ">
<subfield code="b">Faculdade de Medicina, Universidade de São Paulo</subfield>
</datafield>
<dataField tag="260" ind1=" " ind2=" ">
<subfield code="c">2020-12-31 00:00:00</subfield>
</dataField>   <datafield tag="856" ind1=" " ind2=" ">
<subfield code="q">application/pdf</subfield>
</datafield>
<datafield tag="856" ind1="4" ind2="0">
<subfield code="u">https://www.revistas.usp.br/actafisiatrica/article/view/174718</subfield>
</datafield>  <datafield tag="786" ind1="0" ind2=" ">
<subfield code="n">Acta Fisiátrica; v. 27 n. 4 (2020)</subfield>
</datafield>  <datafield tag="546" ind1=" " ind2=" ">
<subfield code="a">por</subfield>
</datafield>   <datafield tag="540" ind1=" " ind2=" ">
<subfield code="a">Copyright (c) 2020 Acta Fisiátrica</subfield>
</datafield>
</record>
</metadata>
</record>