
<record>
<header>
<identifier>oai:revistas.usp.br:article/174902</identifier>
<datestamp>2021-03-25T14:48:20Z</datestamp>
<setSpec>actafisiatrica:Art.+Orig.</setSpec>
<setSpec>driver</setSpec>
</header>
<metadata>
<record xmlns="http://www.loc.gov/MARC21/slim" xmlns:xsi="http://www.w3.org/2001/XMLSchema-instance" xsi:schemaLocation="http://www.loc.gov/MARC21/slim http://www.loc.gov/standards/marcxml/schema/MARC21slim.xsd">
<leader>     nmb a2200000Iu 4500</leader>
<controlfield tag="008">"200930 2020                        eng  "</controlfield>
<datafield tag="022" ind1="#" ind2="#">
<subfield code="$a">2317-0190</subfield>
</datafield>
<datafield tag="022" ind1="#" ind2="#">
<subfield code="$a">0104-7795</subfield>
</datafield>
<datafield tag="042" ind1=" " ind2=" ">
<subfield code="a">dc</subfield>
</datafield>
<datafield tag="245" ind1="0" ind2="0">
<subfield code="a">Correlação entre domínios de funcionalidade de trabalhadoras com doenças musculoesqueléticas relacionadas ao trabalho</subfield>
</datafield>  <datafield tag="720" ind1="1" ind2=" ">
<subfield code="a">Damasceno, Ana Clarissa Lopes Silva</subfield>
<subfield code="u">Universidade Federal da Bahia – UFBA </subfield><subfield code="0">https://orcid.org/0000-0002-9417-7741</subfield></datafield>
<datafield tag="720" ind1="1" ind2=" ">
<subfield code="a">Porto, Lauro Antonio</subfield>
<subfield code="u">Universidade Federal da Bahia – UFBA </subfield><subfield code="0">https://orcid.org/0000-0001-9336-7845</subfield></datafield>
<datafield tag="720" ind1="1" ind2=" ">
<subfield code="a">Viola, Denise Nunes</subfield>
<subfield code="u">Universidade Federal da Bahia – UFBA </subfield><subfield code="0">https://orcid.org/0000-0001-8458-9489</subfield></datafield>
<datafield tag="720" ind1="1" ind2=" ">
<subfield code="a">Bernardes, Kionna</subfield>
<subfield code="u">Universidade Federal da Bahia – UFBA </subfield><subfield code="0">https://orcid.org/0000-0003-3181-2696</subfield></datafield>
<datafield tag="720" ind1="1" ind2=" ">
<subfield code="a">Neves, Robson da Fonseca</subfield>
<subfield code="u">Departamento de Fisioterapia, Universidade Federal da Paraíba – UFPB </subfield><subfield code="0">https://orcid.org/0000-0002-3889-560X</subfield></datafield>
<datafield tag="720" ind1="1" ind2=" ">
<subfield code="a">Lima       , Monica Angelim Gomes de   </subfield>
<subfield code="u">Universidade Federal da Bahia – UFBA </subfield><subfield code="0">https://orcid.org/0000-0003-3364-8439</subfield></datafield>
<datafield tag="520" ind1=" " ind2=" ">
<subfield code="a"> Workers with work-related musculoskeletal disorders (WMDs) have impairments in the body functions and structures, and have difficulty performing daily activities and developing social participation. Environmental factors can act negatively or positively as barriers or facilitators, worsening or improving the health status of people. This study assessed the relationship between health domains, based on components of body functions, activities and participation and environmental factors of non-statutory and statutory workers with WMDS. The negative relationships were stronger between mental and sensory functions and pain and activities/participation and environmental factors of non-statutory workers. The relationships signaled that the more impairments, the more difficulties. Environmental factors such as temperature, vibration and attitudes hindered mental and sensory functions and pain. </subfield>
</datafield>
<datafield tag="260" ind1=" " ind2=" ">
<subfield code="b">Faculdade de Medicina, Universidade de São Paulo</subfield>
</datafield>
<dataField tag="260" ind1=" " ind2=" ">
<subfield code="c">2020-09-30 00:00:00</subfield>
</dataField>   <datafield tag="856" ind1=" " ind2=" ">
<subfield code="q">application/pdf</subfield>
</datafield>
<datafield tag="856" ind1="4" ind2="0">
<subfield code="u">https://www.revistas.usp.br/actafisiatrica/article/view/174902</subfield>
</datafield>  <datafield tag="786" ind1="0" ind2=" ">
<subfield code="n">Acta Fisiátrica; v. 27 n. 3 (2020)</subfield>
</datafield>  <datafield tag="546" ind1=" " ind2=" ">
<subfield code="a">eng</subfield>
</datafield>   <datafield tag="540" ind1=" " ind2=" ">
<subfield code="a">Copyright (c) 2020 Acta Fisiátrica</subfield>
</datafield>
</record>
</metadata>
</record>