
<record>
<header>
<identifier>oai:revistas.usp.br:article/176043</identifier>
<datestamp>2021-07-23T18:11:16Z</datestamp>
<setSpec>actafisiatrica:Art.+Orig.</setSpec>
<setSpec>driver</setSpec>
</header>
<metadata>
<record xmlns="http://www.loc.gov/MARC21/slim" xmlns:xsi="http://www.w3.org/2001/XMLSchema-instance" xsi:schemaLocation="http://www.loc.gov/MARC21/slim http://www.loc.gov/standards/marcxml/schema/MARC21slim.xsd">
<leader>     nmb a2200000Iu 4500</leader>
<controlfield tag="008">"210331 2021                        eng  "</controlfield>
<datafield tag="022" ind1="#" ind2="#">
<subfield code="$a">2317-0190</subfield>
</datafield>
<datafield tag="022" ind1="#" ind2="#">
<subfield code="$a">0104-7795</subfield>
</datafield>
<datafield tag="042" ind1=" " ind2=" ">
<subfield code="a">dc</subfield>
</datafield>
<datafield tag="245" ind1="0" ind2="0">
<subfield code="a">Impacto da cognição, funcionalidade e força de indivíduos com doença de Alzheimer sobre a qualidade de vida do cuidador</subfield>
</datafield>  <datafield tag="720" ind1="1" ind2=" ">
<subfield code="a">Gaideski, Fernanda</subfield>
<subfield code="u">Complexo do Hospital de Clínicas da Universidade Federal do Paraná</subfield><subfield code="0">https://orcid.org/0000-0002-3798-7641</subfield></datafield>
<datafield tag="720" ind1="1" ind2=" ">
<subfield code="a">Socha, Sandra Regina</subfield>
<subfield code="u">Complexo do Hospital de Clínicas da Universidade Federal do Paraná</subfield><subfield code="0">https://orcid.org/0000-0002-3707-6928</subfield></datafield>
<datafield tag="720" ind1="1" ind2=" ">
<subfield code="a">Tsingos Ramos, Ana Angélica</subfield>
<subfield code="u">Complexo do Hospital de Clínicas da Universidade Federal do Paraná</subfield><subfield code="0">https://orcid.org/0000-0002-5266-5026</subfield></datafield>
<datafield tag="720" ind1="1" ind2=" ">
<subfield code="a"> Takeda , Sibele Yoko Mattozo</subfield>
<subfield code="u">Universidade Federal do Paraná - UFPR</subfield><subfield code="0">https://orcid.org/0000-0002-0655-9521</subfield></datafield>
<datafield tag="520" ind1=" " ind2=" ">
<subfield code="a"> As demandas de cuidados na Doença de Alzheimer podem influenciar no cotidiano do cuidador.  Objetivo: Avaliar se o comprometimento cognitivo, funcional e motor do indivíduo com a doença influenciam na qualidade de vida do cuidador. Método: Estudo transversal, do qual participaram 27 indivíduos com Doença de Alzheimer e seus cuidadores. A qualidade de vida do cuidador foi avaliada pelo questionário Quality of Life-AD, a cognição do paciente foi verificada pela Clinical Dementia Rating, a funcionalidade pela Medida de Independência Funcional, mobilidade pelo Timed Up and Go e a força muscular pela força de preensão manual. A associação entre as variáveis foi realizada pelos testes Kruskal-Wallis e exato de Fisher ou pelos testes de correlação de Pearson ou Spearman, considerando p≤0,05. Resultado: Observou-se associação entre a cognição do indivíduo com Doença de Alzheimer e qualidade de vida do cuidador (p= 0,026) e correlação entre a funcionalidade do paciente e qualidade de vida do cuidador (p= 0,031). Conclusão: Os aspectos de qualidade de vida afetados pela cognição, função e mobilidade, são: disposição, capacidade para fazer atividades de lazer e a vida em geral. Percebe-se a necessidade de se pensar em estratégias que representem suporte profissional para a capacitação e desempenho de cuidados. </subfield>
</datafield>
<datafield tag="260" ind1=" " ind2=" ">
<subfield code="b">Faculdade de Medicina, Universidade de São Paulo</subfield>
</datafield>
<dataField tag="260" ind1=" " ind2=" ">
<subfield code="c">2021-03-31 00:00:00</subfield>
</dataField>   <datafield tag="856" ind1=" " ind2=" ">
<subfield code="q">application/pdf</subfield>
</datafield>
<datafield tag="856" ind1=" " ind2=" ">
<subfield code="q">application/pdf</subfield>
</datafield>
<datafield tag="856" ind1="4" ind2="0">
<subfield code="u">https://www.revistas.usp.br/actafisiatrica/article/view/176043</subfield>
</datafield>  <datafield tag="786" ind1="0" ind2=" ">
<subfield code="n">Acta Fisiátrica; v. 28 n. 1 (2021)</subfield>
</datafield>  <datafield tag="546" ind1=" " ind2=" ">
<subfield code="a">por</subfield>
</datafield>   <datafield tag="540" ind1=" " ind2=" ">
<subfield code="a">Copyright (c) 2021 Acta Fisiátrica</subfield>
</datafield>
</record>
</metadata>
</record>