
<record>
<header>
<identifier>oai:revistas.usp.br:article/176151</identifier>
<datestamp>2023-04-17T17:41:07Z</datestamp>
<setSpec>actafisiatrica:Rel.+Caso</setSpec>
<setSpec>driver</setSpec>
</header>
<metadata>
<record xmlns="http://www.loc.gov/MARC21/slim" xmlns:xsi="http://www.w3.org/2001/XMLSchema-instance" xsi:schemaLocation="http://www.loc.gov/MARC21/slim http://www.loc.gov/standards/marcxml/schema/MARC21slim.xsd">
<leader>     nmb a2200000Iu 4500</leader>
<controlfield tag="008">"221228 2022                        eng  "</controlfield>
<datafield tag="022" ind1="#" ind2="#">
<subfield code="$a">2317-0190</subfield>
</datafield>
<datafield tag="022" ind1="#" ind2="#">
<subfield code="$a">0104-7795</subfield>
</datafield>
<datafield tag="042" ind1=" " ind2=" ">
<subfield code="a">dc</subfield>
</datafield>
<datafield tag="245" ind1="0" ind2="0">
<subfield code="a">Distrofia muscular congênita merosina negativa: um relato de caso</subfield>
</datafield>  <datafield tag="720" ind1="1" ind2=" ">
<subfield code="a">Heinz, Maria Caroline</subfield>
<subfield code="u">Universidade do Estado de Santa Catarina</subfield></datafield>
<datafield tag="720" ind1="1" ind2=" ">
<subfield code="a"> Santos, Cristina Maria</subfield>
<subfield code="u">Hospital Infantil Joana de Gusmão</subfield><subfield code="0">https://orcid.org/0000-0002-1726-0832</subfield></datafield>
<datafield tag="720" ind1="1" ind2=" ">
<subfield code="a">Silveira, Karoline </subfield>
<subfield code="u">Universidade do Estado de Santa Catarina</subfield><subfield code="0">https://orcid.org/0000-0002-5473-3627</subfield></datafield>
<datafield tag="720" ind1="1" ind2=" ">
<subfield code="a">Santos Schivinski, Camila Isabel </subfield>
<subfield code="u">Universidade do Estado de Santa Catarina</subfield></datafield>
<datafield tag="520" ind1=" " ind2=" ">
<subfield code="a"> A Distrofia muscular laminin subunit alpha 2 (DM LAMA2) é caracterizada pela deficiência da proteína da cadeia laminina α2, apresentando sintomas distróficos que progridem na infância. Objetivo: Apresentar dados da avaliação fisioterapêutica de uma criança com DM LAMA2 em acompanhamento ambulatorial. Métodos: Pesquisou-se em prontuário dados referentes às avaliações fisioterapêuticas de uma criança de 12 anos com diagnóstico de DM LAMA2 atendida em ambulatório especializado. A avaliação caracterizou-se por ausculta pulmonar, espirometria, verificação de parâmetros cardiorrespiratórios, análise do pico de fluxo de tosse (PFT), força muscular respiratória (FMR) e avaliação motora através da escala MFM-32. Resultados: Realizou-se três avaliações durante 9 meses. A paciente possui doença pulmonar restritiva, na primeira avaliação apresentou VEF1= 29% na espirometria e, comparando com a terceira avaliação obteve aumento de 1%, também houve aumento de 2% na relação VEF1/CVF, 5% no PEF e 11% no FEF25-75%. Na FMR, obteve-se valores de PImáx= 17,9% e PEmáx= 7,13% na primeira avaliação com aumento de 16,85% e 5,34% respectivamente, entre primeira e terceira avaliação. O PFT manteve-se em 0L/min em todas avaliações. Na primeira avaliação motora pontuou 25% no escore total da escala MFM-32, aumentando 3,12% na terceira avaliação. Ao longo do acompanhamento iniciou-se o uso da VNI noturna e introduzida a técnica de AS, buscando correção da hipoxemia, apneias noturnas, aumento do PFT e FMR. Conclusão: Paciente apresentou manutenção de parâmetros espirométricos, aumento de variáveis de FMR e função motora, sem piora do quadro. Possíveis resultados decorridos do acompanhamento multiprofissional e especializado. </subfield>
</datafield>
<datafield tag="260" ind1=" " ind2=" ">
<subfield code="b">Faculdade de Medicina, Universidade de São Paulo</subfield>
</datafield>
<dataField tag="260" ind1=" " ind2=" ">
<subfield code="c">2022-12-28 00:00:00</subfield>
</dataField>   <datafield tag="856" ind1=" " ind2=" ">
<subfield code="q">application/pdf</subfield>
</datafield>
<datafield tag="856" ind1="4" ind2="0">
<subfield code="u">https://www.revistas.usp.br/actafisiatrica/article/view/176151</subfield>
</datafield>  <datafield tag="786" ind1="0" ind2=" ">
<subfield code="n">Acta Fisiátrica; v. 29 n. 4 (2022)</subfield>
</datafield>  <datafield tag="546" ind1=" " ind2=" ">
<subfield code="a">por</subfield>
</datafield>   <datafield tag="540" ind1=" " ind2=" ">
<subfield code="a">Copyright (c) 2022 Acta Fisiátrica</subfield>
</datafield>
</record>
</metadata>
</record>