
<record>
<header>
<identifier>oai:revistas.usp.br:article/176172</identifier>
<datestamp>2023-04-17T17:41:07Z</datestamp>
<setSpec>actafisiatrica:Art.+Orig.</setSpec>
<setSpec>driver</setSpec>
</header>
<metadata>
<record xmlns="http://www.loc.gov/MARC21/slim" xmlns:xsi="http://www.w3.org/2001/XMLSchema-instance" xsi:schemaLocation="http://www.loc.gov/MARC21/slim http://www.loc.gov/standards/marcxml/schema/MARC21slim.xsd">
<leader>     nmb a2200000Iu 4500</leader>
<controlfield tag="008">"221228 2022                        eng  "</controlfield>
<datafield tag="022" ind1="#" ind2="#">
<subfield code="$a">2317-0190</subfield>
</datafield>
<datafield tag="022" ind1="#" ind2="#">
<subfield code="$a">0104-7795</subfield>
</datafield>
<datafield tag="042" ind1=" " ind2=" ">
<subfield code="a">dc</subfield>
</datafield>
<datafield tag="245" ind1="0" ind2="0">
<subfield code="a">Acompanhamento das funções respiratória e motora de crianças com atrofia muscular espinhal e distrofia muscular de Duchenne: um estudo longitudinal</subfield>
</datafield>  <datafield tag="720" ind1="1" ind2=" ">
<subfield code="a">Santos, Cristina Maria</subfield>
<subfield code="u">Universidade do Estado de Santa Catarina</subfield></datafield>
<datafield tag="720" ind1="1" ind2=" ">
<subfield code="a">Wamosy, Renata Maba Gonçalves</subfield>
<subfield code="u">Universidade do Estado de Santa Catarina</subfield><subfield code="0">https://orcid.org/0000-0001-5772-9650</subfield></datafield>
<datafield tag="720" ind1="1" ind2=" ">
<subfield code="a"> Sanada, Luciana Sayuri</subfield>
<subfield code="u">Universidade do Estado de Santa Catarina</subfield><subfield code="0">https://orcid.org/0000-0002-6530-6831</subfield></datafield>
<datafield tag="720" ind1="1" ind2=" ">
<subfield code="a">Schivinski, Camila Isabel Santos</subfield>
<subfield code="u">Universidade do Estado de Santa Catarina</subfield><subfield code="0">https://orcid.org/0000-0002-6139-9727</subfield></datafield>
<datafield tag="520" ind1=" " ind2=" ">
<subfield code="a"> Objetivo: Realizar o acompanhamento de crianças e adolescentes com Atrofia Muscular Espinhal (AME) e Distrofia Muscular de Duchenne (DMD) em um centro de referência, por meio de avaliações de parâmetros respiratórios e motores. Métodos: Conduziu-se 3 avaliações em um período de 24 meses, em pacientes até 15 anos, com DMD e AME. Avaliações respiratórias incluíram: parâmetros cardiorrespiratórios, força muscular respiratória, pico de fluxo de tosse e espirometria. Analisou-se a função motora por meio de escalas especificas: 1) Children’s Hospital of Philadelphia Infant Test of Neuromuscular Disorders (CHOP INTEND) para crianças até 2 anos; 2) Medida da Função Motora (MFM-32) acima de 6 anos; 3) versão reduzida (MFM-20) para 2 a 6 anos. A análise estatística incluiu o teste de Shapiro-Wilk e utilizou-se ANOVA com Post Hoc de Bonferroni ou Friedman, e aplicou-se os coeficientes de Spearman ou Pearson. Resultados: Participaram 16 pacientes com mediana de idade de 6,5 anos, 12 com AME e 4 DMD. Houve diferença entre dados antropométricos, a frequência de crianças que não realizava fisioterapia reduziu (12,5%X6,3%) e houve aumento na adesão para técnica de empilhamento de ar (37,5%X43,8%). Uso de ventilação não invasiva se manteve igual, assim como parâmetros respiratórios e escalas motoras. Verificou-se forte correlação entre valor predito da capacidade vital forçada e escores MFM-20 e MFM-32. Conclusão: O acompanhamento ambulatorial de crianças com AME e DMD evidenciou relativa manutenção em parâmetros respiratórios e de função motora, o que pode ser atribuído a melhora na adesão de rotinas terapêuticas e aos cuidados em um centro de referência. </subfield>
</datafield>
<datafield tag="260" ind1=" " ind2=" ">
<subfield code="b">Faculdade de Medicina, Universidade de São Paulo</subfield>
</datafield>
<dataField tag="260" ind1=" " ind2=" ">
<subfield code="c">2022-12-28 00:00:00</subfield>
</dataField>   <datafield tag="856" ind1=" " ind2=" ">
<subfield code="q">application/pdf</subfield>
</datafield>
<datafield tag="856" ind1="4" ind2="0">
<subfield code="u">https://www.revistas.usp.br/actafisiatrica/article/view/176172</subfield>
</datafield>  <datafield tag="786" ind1="0" ind2=" ">
<subfield code="n">Acta Fisiátrica; v. 29 n. 4 (2022)</subfield>
</datafield>  <datafield tag="546" ind1=" " ind2=" ">
<subfield code="a">por</subfield>
</datafield>   <datafield tag="540" ind1=" " ind2=" ">
<subfield code="a">Copyright (c) 2022 Acta Fisiátrica</subfield>
</datafield>
</record>
</metadata>
</record>