
<record>
<header>
<identifier>oai:revistas.usp.br:article/176351</identifier>
<datestamp>2021-04-26T13:11:28Z</datestamp>
<setSpec>actafisiatrica:Art.+Orig.</setSpec>
<setSpec>driver</setSpec>
</header>
<metadata>
<record xmlns="http://www.loc.gov/MARC21/slim" xmlns:xsi="http://www.w3.org/2001/XMLSchema-instance" xsi:schemaLocation="http://www.loc.gov/MARC21/slim http://www.loc.gov/standards/marcxml/schema/MARC21slim.xsd">
<leader>     nmb a2200000Iu 4500</leader>
<controlfield tag="008">"201231 2020                        eng  "</controlfield>
<datafield tag="022" ind1="#" ind2="#">
<subfield code="$a">2317-0190</subfield>
</datafield>
<datafield tag="022" ind1="#" ind2="#">
<subfield code="$a">0104-7795</subfield>
</datafield>
<datafield tag="042" ind1=" " ind2=" ">
<subfield code="a">dc</subfield>
</datafield>
<datafield tag="245" ind1="0" ind2="0">
<subfield code="a">Ligação de um instrumento de avaliação clínica de exposição ao vírus Zika com a Classificação Internacional de Funcionalidade, Incapacidade e Saúde </subfield>
</datafield>  <datafield tag="720" ind1="1" ind2=" ">
<subfield code="a">Souza, Nathália Cristina Oliveira de </subfield>
<subfield code="u">Instituto Nacional de Saúde da Mulher, da Criança e do Adolescente Fernandes Figueira -  IFF/Fiocruz</subfield><subfield code="0">https://orcid.org/0000-0002-6099-1542</subfield></datafield>
<datafield tag="720" ind1="1" ind2=" ">
<subfield code="a">Cabral, Lara Carolina Januário</subfield>
<subfield code="u">Instituto Nacional de Saúde da Mulher, da Criança e do Adolescente Fernandes Figueira -  IFF/Fiocruz</subfield><subfield code="0">https://orcid.org/0000-0002-9605-2125</subfield></datafield>
<datafield tag="720" ind1="1" ind2=" ">
<subfield code="a">Souza, Laura Cristina Machado Ribeiro de</subfield>
<subfield code="u">Instituto Nacional de Saúde da Mulher, da Criança e do Adolescente Fernandes Figueira - IFF/Fiocruz</subfield><subfield code="0">https://orcid.org/0000-0003-1443-7716</subfield></datafield>
<datafield tag="720" ind1="1" ind2=" ">
<subfield code="a"> Pone, Marcos Vinicius da Silva</subfield>
<subfield code="u">Instituto Nacional de Saúde da Mulher, da Criança e do Adolescente Fernandes Figueira - IFF/Fiocruz</subfield><subfield code="0">https://orcid.org/0000-0002-5152-2242</subfield></datafield>
<datafield tag="720" ind1="1" ind2=" ">
<subfield code="a">Ribeiro, Luciana Castaneda</subfield>
<subfield code="u">Instituto Federal de Educação, Ciência e Tecnologia do Rio de Janeiro - IFRJ</subfield><subfield code="0">https://orcid.org/0000-0001-8573-342X</subfield></datafield>
<datafield tag="720" ind1="1" ind2=" ">
<subfield code="a">Ribeiro, Carla Trevisan Martins</subfield>
<subfield code="u">Instituto Nacional de Saúde da Mulher, da Criança e do Adolescente Fernandes Figueira - IFF/Fiocruz</subfield><subfield code="0">https://orcid.org/0000-0002-2478-9144</subfield></datafield>
<datafield tag="520" ind1=" " ind2=" ">
<subfield code="a"> Instrumentos de avaliação clínica foram criados a partir de experiências prévias de cuidados para outras condições crônicas complexas da infância, de modo a planejar e sistematizar ações. Contudo, é importante que tais instrumentos tenham validação externa e contemplem o atual conceito de saúde biopsicossocial. Uma interlocução com a Classificação Internacional de Funcionalidade, Incapacidade e Saúde (CIF) poderia dar subsídio teórico e validação aos instrumentos criados. Objetivo: Identificar o conteúdo comum da CIF com o instrumento de avaliação clínica aplicado em  população exposta ao vírus Zika em um ambulatório de doenças infecciosas em pediatria de um hospital de referência no Estado do Rio de Janeiro. Métodos: A Ligação com a CIF foi realizada por dois revisores independentes, segundo a proposta de Cieza e colaboradores. O coeficiente Kappa foi utilizado para análise da concordância interobservadores. Resultados: O instrumento de avaliação clínica utilizado no ambulatório de referência é composto principalmente por categorias da CIF de estruturas do corpo (46,4%). Observou-se poucas categorias relacionadas aos fatores contextuais (13,1%). E, não foram encontrados itens relacionados às categorias de atividade e participação. Conclusão: A ferramenta de avaliação apresenta principalmente informações sobre as funções e estruturas do corpo, voltando-se a um olhar puramente restrito as funções fisiológicas e as estruturas anatômicas. A inexistência de categorias de atividade e participação pode comprometer a percepção das experiencias vividas pelas crianças que foram expostas ao vírus Zika. </subfield>
</datafield>
<datafield tag="260" ind1=" " ind2=" ">
<subfield code="b">Faculdade de Medicina, Universidade de São Paulo</subfield>
</datafield>
<dataField tag="260" ind1=" " ind2=" ">
<subfield code="c">2020-12-31 00:00:00</subfield>
</dataField>   <datafield tag="856" ind1=" " ind2=" ">
<subfield code="q">application/pdf</subfield>
</datafield>
<datafield tag="856" ind1="4" ind2="0">
<subfield code="u">https://www.revistas.usp.br/actafisiatrica/article/view/176351</subfield>
</datafield>  <datafield tag="786" ind1="0" ind2=" ">
<subfield code="n">Acta Fisiátrica; v. 27 n. 4 (2020)</subfield>
</datafield>  <datafield tag="546" ind1=" " ind2=" ">
<subfield code="a">por</subfield>
</datafield>   <datafield tag="540" ind1=" " ind2=" ">
<subfield code="a">Copyright (c) 2020 Acta Fisiátrica</subfield>
</datafield>
</record>
</metadata>
</record>