
<record>
<header>
<identifier>oai:revistas.usp.br:article/176447</identifier>
<datestamp>2021-03-25T14:48:20Z</datestamp>
<setSpec>actafisiatrica:Art.+Orig.</setSpec>
<setSpec>driver</setSpec>
</header>
<metadata>
<record xmlns="http://www.loc.gov/MARC21/slim" xmlns:xsi="http://www.w3.org/2001/XMLSchema-instance" xsi:schemaLocation="http://www.loc.gov/MARC21/slim http://www.loc.gov/standards/marcxml/schema/MARC21slim.xsd">
<leader>     nmb a2200000Iu 4500</leader>
<controlfield tag="008">"200930 2020                        eng  "</controlfield>
<datafield tag="022" ind1="#" ind2="#">
<subfield code="$a">2317-0190</subfield>
</datafield>
<datafield tag="022" ind1="#" ind2="#">
<subfield code="$a">0104-7795</subfield>
</datafield>
<datafield tag="042" ind1=" " ind2=" ">
<subfield code="a">dc</subfield>
</datafield>
<datafield tag="245" ind1="0" ind2="0">
<subfield code="a">Associação entre aspectos físicos-funcionais, comportamentais e de saúde com o medo de cair em idosos comunitários</subfield>
</datafield>  <datafield tag="720" ind1="1" ind2=" ">
<subfield code="a">Canever, Jaquelini Betta</subfield>
<subfield code="u">Departamento de Ciências da Saúde, Universidade Federal de Santa Catarina – UFSC</subfield><subfield code="0">https://orcid.org/0000-0002-2238-0556</subfield></datafield>
<datafield tag="720" ind1="1" ind2=" ">
<subfield code="a">Danielewicz, Ana Lúcia </subfield>
<subfield code="u">Departamento de Ciências da Saúde, Universidade Federal de Santa Catarina – UFSC</subfield><subfield code="0">https://orcid.org/0000-0003-1563-0470</subfield></datafield>
<datafield tag="720" ind1="1" ind2=" ">
<subfield code="a">Avelar, Núbia Carelli Pereira de </subfield>
<subfield code="u">Departamento de Ciências da Saúde, Universidade Federal de Santa Catarina – UFSC</subfield><subfield code="0">https://orcid.org/0000-0003-4212-4039</subfield></datafield>
<datafield tag="520" ind1=" " ind2=" ">
<subfield code="a"> O medo em cair é definido como uma preocupação exacerbada em cair na realização das atividades cotidianas. O conhecimento dos fatores associados ao medo de cair pode contribuir na elaboração de estratégias multidimensionais que visem reduzir futuras quedas nos idosos. Objetivo: Verificar a associação dos aspectos físicos-funcionais, comportamentais e de saúde com o medo de cair em idosos comunitários. Método: Tratou-se de um estudo transversal, com amostra aleatória probabilística, incluindo 308 idosos comunitários de ambos os sexos. A variável desfecho foi o medo em cair e as variáveis preditoras foram os aspectos comportamentais avaliados pelo autorrelato (histórico de quedas e autopercepção em saúde) e aspecto em saúde (sintomas depressivos). Já os aspectos físicos-funcionais incluíram a sarcopenia provável e a mobilidade. Resultados: Maiores chances de apresentar medo em cair foram observados em idosos que tiveram histórico de quedas (OR: 1,87; IC95%: 1,10; 3,19), autopercepção negativa de saúde (OR: 3,35; IC95%: 1,87; 6,00), sintomas depressivos (OR: 3,24; IC95%: 1,88; 5,57), sarcopenia (OR: 4,22; IC95%: 2,51; 7,09) e baixa mobilidade (OR: 4,19; IC95%: 2,19; 7,99) quando comparados aos que não tinham as mesmas condições. Conclusão: Histórico de quedas, autopercepção ruim de saúde, sintomas depressivos, sarcopenia e baixa mobilidade foram associados ao medo de cair em idosos comunitários. </subfield>
</datafield>
<datafield tag="260" ind1=" " ind2=" ">
<subfield code="b">Faculdade de Medicina, Universidade de São Paulo</subfield>
</datafield>
<dataField tag="260" ind1=" " ind2=" ">
<subfield code="c">2020-09-30 00:00:00</subfield>
</dataField>   <datafield tag="856" ind1=" " ind2=" ">
<subfield code="q">application/pdf</subfield>
</datafield>
<datafield tag="856" ind1="4" ind2="0">
<subfield code="u">https://www.revistas.usp.br/actafisiatrica/article/view/176447</subfield>
</datafield>  <datafield tag="786" ind1="0" ind2=" ">
<subfield code="n">Acta Fisiátrica; v. 27 n. 3 (2020)</subfield>
</datafield>  <datafield tag="546" ind1=" " ind2=" ">
<subfield code="a">por</subfield>
</datafield>   <datafield tag="540" ind1=" " ind2=" ">
<subfield code="a">Copyright (c) 2020 Acta Fisiátrica</subfield>
</datafield>
</record>
</metadata>
</record>