
<record>
<header>
<identifier>oai:revistas.usp.br:article/176784</identifier>
<datestamp>2021-03-25T14:48:20Z</datestamp>
<setSpec>actafisiatrica:Art.+Orig.</setSpec>
<setSpec>driver</setSpec>
</header>
<metadata>
<record xmlns="http://www.loc.gov/MARC21/slim" xmlns:xsi="http://www.w3.org/2001/XMLSchema-instance" xsi:schemaLocation="http://www.loc.gov/MARC21/slim http://www.loc.gov/standards/marcxml/schema/MARC21slim.xsd">
<leader>     nmb a2200000Iu 4500</leader>
<controlfield tag="008">"200930 2020                        eng  "</controlfield>
<datafield tag="022" ind1="#" ind2="#">
<subfield code="$a">2317-0190</subfield>
</datafield>
<datafield tag="022" ind1="#" ind2="#">
<subfield code="$a">0104-7795</subfield>
</datafield>
<datafield tag="042" ind1=" " ind2=" ">
<subfield code="a">dc</subfield>
</datafield>
<datafield tag="245" ind1="0" ind2="0">
<subfield code="a">Validade de construto do Functional Impairment Test-Hand and Neck/Shoulder and Arm (FIT-HANSA) para trabalhadores com queixas no membro superior de um hospital terciário</subfield>
</datafield>  <datafield tag="720" ind1="1" ind2=" ">
<subfield code="a">Silva, Natalia Claro</subfield>
<subfield code="u">Faculdade de Medicina de Ribeirão Preto, Universidade de São Paulo</subfield><subfield code="0">https://orcid.org/0000-0002-5641-6609</subfield></datafield>
<datafield tag="720" ind1="1" ind2=" ">
<subfield code="a">Pinola,  Lívia  Nahas</subfield>
<subfield code="u">Faculdade de Medicina de Ribeirão Preto, Universidade de São Paulo</subfield><subfield code="0">https://orcid.org/0000-0002-9866-6526</subfield></datafield>
<datafield tag="720" ind1="1" ind2=" ">
<subfield code="a">Ricci, Flávia Pessoni Faleiros Macêdo</subfield>
<subfield code="u">Faculdade de Medicina de Ribeirão Preto, Universidade de São Paulo</subfield><subfield code="0">https://orcid.org/0000-0002-4130-6853</subfield></datafield>
<datafield tag="720" ind1="1" ind2=" ">
<subfield code="a">Fifolato, Thais Marques </subfield>
<subfield code="u">Faculdade de Medicina de Ribeirão Preto, Universidade de São Paulo</subfield><subfield code="0">https://orcid.org/0000-0003-4415-4661</subfield></datafield>
<datafield tag="720" ind1="1" ind2=" ">
<subfield code="a">Lopes, Ester Rodrigues do Carmo</subfield>
<subfield code="u">Faculdade de Medicina de Ribeirão Preto, Universidade de São Paulo</subfield><subfield code="0">https://orcid.org/0000-0003-3777-3720</subfield></datafield>
<datafield tag="720" ind1="1" ind2=" ">
<subfield code="a">Suzuki, Karen Ayumi Kawano</subfield>
<subfield code="u">Faculdade de Medicina de Ribeirão Preto, Universidade de São Paulo</subfield><subfield code="0">https://orcid.org/0000-0001-9967-7203</subfield></datafield>
<datafield tag="720" ind1="1" ind2=" ">
<subfield code="a">Fonseca, Marisa de Cássia Registro</subfield>
<subfield code="u">Centro de Reabilitação, Hospital das Clínicas de Ribeirão Preto, Faculdade de Medicina de Ribeirão Preto</subfield><subfield code="0">https://orcid.org/0000-0001-8187-5834</subfield></datafield>
<datafield tag="520" ind1=" " ind2=" ">
<subfield code="a"> O Functional Impairment Test-Hand and Neck/Shoulder/Arm (FIT-HaNSA) é um instrumento que avalia a resistência à fadiga e o desempenho do membro superior por meio de funções motoras grossas comumente utilizadas no dia a dia. Objetivo: Analisar a validade de construto do FIT-HaNSA em trabalhadores com sintomas no membro superior, por meio da correlação entre a resistência à fadiga do segmento com os escores de força muscular do ombro, cotovelo e mão, com a capacidade para o trabalho (ICT) e com a disfunção do membro superior (QUICK DASH-Br). Métodos: Trinta e nove trabalhadores de um hospital terciário com idade média de 42,9 anos (DP13,29) foram recrutados. Os instrumentos de medida Isocinético Biodex System 4 Pro™, dinamômetro de preensão palmar JAMAR®, QuickDASH-Br e ICT foram aplicados e correlacionados com o FIT-HaNSA. O Coeficiente de Correlação de Pearson (r) foi utilizado para quantificar a associação entre os instrumentos. Resultados: O FIT-HaNSA apresentou de fraca a moderada correlação entre a força muscular do ombro, cotovelo e mão (r= 0,18 – 0,58), porém significativas para ombro e mão. A associação entre o FIT-HaNSA com o QuickDASH-Br e ICT se mostraram fracas (r= -0,38 e 0,21). Conclusão: Nosso estudo forneceu evidências preliminares com relação às relações esperadas e validade do FIT-HaNSA como instrumento de medida para a avaliação da fadiga e desconforto em trabalhadores com queixas no membro superior. </subfield>
</datafield>
<datafield tag="260" ind1=" " ind2=" ">
<subfield code="b">Faculdade de Medicina, Universidade de São Paulo</subfield>
</datafield>
<dataField tag="260" ind1=" " ind2=" ">
<subfield code="c">2020-09-30 00:00:00</subfield>
</dataField>   <datafield tag="856" ind1=" " ind2=" ">
<subfield code="q">application/pdf</subfield>
</datafield>
<datafield tag="856" ind1="4" ind2="0">
<subfield code="u">https://www.revistas.usp.br/actafisiatrica/article/view/176784</subfield>
</datafield>  <datafield tag="786" ind1="0" ind2=" ">
<subfield code="n">Acta Fisiátrica; v. 27 n. 3 (2020)</subfield>
</datafield>  <datafield tag="546" ind1=" " ind2=" ">
<subfield code="a">por</subfield>
</datafield>   <datafield tag="540" ind1=" " ind2=" ">
<subfield code="a">Copyright (c) 2020 Acta Fisiátrica</subfield>
</datafield>
</record>
</metadata>
</record>