
<record>
<header>
<identifier>oai:revistas.usp.br:article/176992</identifier>
<datestamp>2021-04-26T13:11:28Z</datestamp>
<setSpec>actafisiatrica:Art.+Orig.</setSpec>
<setSpec>driver</setSpec>
</header>
<metadata>
<record xmlns="http://www.loc.gov/MARC21/slim" xmlns:xsi="http://www.w3.org/2001/XMLSchema-instance" xsi:schemaLocation="http://www.loc.gov/MARC21/slim http://www.loc.gov/standards/marcxml/schema/MARC21slim.xsd">
<leader>     nmb a2200000Iu 4500</leader>
<controlfield tag="008">"201231 2020                        eng  "</controlfield>
<datafield tag="022" ind1="#" ind2="#">
<subfield code="$a">2317-0190</subfield>
</datafield>
<datafield tag="022" ind1="#" ind2="#">
<subfield code="$a">0104-7795</subfield>
</datafield>
<datafield tag="042" ind1=" " ind2=" ">
<subfield code="a">dc</subfield>
</datafield>
<datafield tag="245" ind1="0" ind2="0">
<subfield code="a">Dependência funcional e fatores associados em idosos de uma macrorregião de saúde</subfield>
</datafield>  <datafield tag="720" ind1="1" ind2=" ">
<subfield code="a">Araújo, Ingrid Vitória de Sousa </subfield>
<subfield code="u">Universidade Federal do Triângulo Mineiro - UFTM</subfield><subfield code="0">http://orcid.org/0000-0001-5085-2381</subfield></datafield>
<datafield tag="720" ind1="1" ind2=" ">
<subfield code="a">Oliveira, Nayara Gomes Nunes</subfield>
<subfield code="u">Universidade Federal do Triângulo Mineiro - UFTM</subfield><subfield code="0">http://orcid.org/0000-0003-4170-8761</subfield></datafield>
<datafield tag="720" ind1="1" ind2=" ">
<subfield code="a">Marchiori, Gianna Fiori </subfield>
<subfield code="u">Universidade Federal do Triângulo Mineiro - UFTM</subfield><subfield code="0">http://orcid.org/0000-0001-6363-0059</subfield></datafield>
<datafield tag="720" ind1="1" ind2=" ">
<subfield code="a">Tavares, Darlene Mara dos Santos</subfield>
<subfield code="u">Universidade Federal do Triângulo Mineiro - UFTM</subfield><subfield code="0">http://orcid.org/0000-0001-9565-0476</subfield></datafield>
<datafield tag="520" ind1=" " ind2=" ">
<subfield code="a"> Objetivo: Verificar a dependência funcional para a realização das atividades básicas, instrumentais e avançadas da vida diária entre idosos e seus fatores associados. Método: Estudo transversal e analítico, com 1.611 idosos da comunidade de uma Macrorregião de Minas Gerais. Na coleta dos dados utilizaram-se: Miniexame do Estado Mental; Questionário estruturado elaborado pelo Grupo de Pesquisa em Saúde Coletiva; versão brasileira Short Physical Performance Battery; Índice de Katz; Escalas de Lawton &amp; Brody e Atividades Avançadas da Vida Diária e fenótipo de fragilidade. Procederam-se as análises descritiva e regressão logística múltipla (p&lt;0,05). Resultados: 6,5% dos idosos eram dependentes para as atividades básicas; 70,7% dependentes parcial/total para as atividades instrumentais e 25,1% tinham menor participação nas atividades avançadas. A dependência para as atividades básicas e instrumentais da vida diária associou-se à faixa etária de 80 anos ou mais (p= 0,001; p&lt;0,001); presença de 5 ou mais morbidades (p= 0,023; p= 0,017); incapacidade/baixo desempenho físico (p&lt;0,001; p&lt;0,001) e pré-fragilidade/fragilidade (p= 0,015; p&lt;0,001), respectivamente. A dependência para as atividades instrumentais também foi associada à ausência de escolaridade (p&lt;0,001). Já a menor participação nas atividades avançadas associou-se à ausência de escolaridade (p&lt;0,001); renda individual mensal ≤ 1 salário-mínimo (p&lt;0,001); incapacidade/baixo desempenho físico (p&lt;0,001) e pré- fragilidade/fragilidade (p&lt;0,001). Conclusão: Os idosos apresentaram maior percentual de dependência para realização das atividades instrumentais. A saúde física está relacionada à dependência funcional do idoso, independente da complexidade das atividades cotidianas; e deve ser considerada no planejamento de intervenções direcionadas à prevenção e/ou reabilitação do declínio funcional nesse grupo etário. </subfield>
</datafield>
<datafield tag="260" ind1=" " ind2=" ">
<subfield code="b">Faculdade de Medicina, Universidade de São Paulo</subfield>
</datafield>
<dataField tag="260" ind1=" " ind2=" ">
<subfield code="c">2020-12-31 00:00:00</subfield>
</dataField>   <datafield tag="856" ind1=" " ind2=" ">
<subfield code="q">application/pdf</subfield>
</datafield>
<datafield tag="856" ind1=" " ind2=" ">
<subfield code="q">application/pdf</subfield>
</datafield>
<datafield tag="856" ind1="4" ind2="0">
<subfield code="u">https://www.revistas.usp.br/actafisiatrica/article/view/176992</subfield>
</datafield>  <datafield tag="786" ind1="0" ind2=" ">
<subfield code="n">Acta Fisiátrica; v. 27 n. 4 (2020)</subfield>
</datafield>  <datafield tag="546" ind1=" " ind2=" ">
<subfield code="a">por</subfield>
</datafield>   <datafield tag="540" ind1=" " ind2=" ">
<subfield code="a">Copyright (c) 2020 Acta Fisiátrica</subfield>
</datafield>
</record>
</metadata>
</record>