
<record>
<header>
<identifier>oai:revistas.usp.br:article/177134</identifier>
<datestamp>2021-04-26T13:11:28Z</datestamp>
<setSpec>actafisiatrica:Art.+Orig.</setSpec>
<setSpec>driver</setSpec>
</header>
<metadata>
<record xmlns="http://www.loc.gov/MARC21/slim" xmlns:xsi="http://www.w3.org/2001/XMLSchema-instance" xsi:schemaLocation="http://www.loc.gov/MARC21/slim http://www.loc.gov/standards/marcxml/schema/MARC21slim.xsd">
<leader>     nmb a2200000Iu 4500</leader>
<controlfield tag="008">"201231 2020                        eng  "</controlfield>
<datafield tag="022" ind1="#" ind2="#">
<subfield code="$a">2317-0190</subfield>
</datafield>
<datafield tag="022" ind1="#" ind2="#">
<subfield code="$a">0104-7795</subfield>
</datafield>
<datafield tag="042" ind1=" " ind2=" ">
<subfield code="a">dc</subfield>
</datafield>
<datafield tag="245" ind1="0" ind2="0">
<subfield code="a">Satisfação e o sentido da vida para pessoas com lesão medular traumática</subfield>
</datafield>  <datafield tag="720" ind1="1" ind2=" ">
<subfield code="a">Castro, Fabiana Faleiros Santana </subfield>
<subfield code="u">Escola de Enfermagem de Ribeirão Preto da Universidade de São Paulo - EERP-USP</subfield><subfield code="0">https://orcid.org/0000-0003-37237944</subfield></datafield>
<datafield tag="720" ind1="1" ind2=" ">
<subfield code="a">Bimbatti, Karina de Fátima</subfield>
<subfield code="u">Escola de Enfermagem de Ribeirão Preto da Universidade de São Paulo - EERP-USP</subfield><subfield code="0">https://orcid.org/0000-0002-7571-5129</subfield></datafield>
<datafield tag="720" ind1="1" ind2=" ">
<subfield code="a">Carvalho, Adriane Aparecida Gonçalves de</subfield>
<subfield code="u">Escola de Enfermagem de Ribeirão Preto da Universidade de São Paulo - EERP-USP  </subfield><subfield code="0">https://orcid.org/0000-0003-4964-2568</subfield></datafield>
<datafield tag="720" ind1="1" ind2=" ">
<subfield code="a">Gonçalves, Mariele Lenhari</subfield>
<subfield code="u">Escola de Enfermagem de Ribeirão Preto da Universidade de São Paulo - EERP-USP  </subfield><subfield code="0">https://orcid.org/0000-0002-2648-3376</subfield></datafield>
<datafield tag="720" ind1="1" ind2=" ">
<subfield code="a">Lopes, Filipe Gustavo</subfield>
<subfield code="u">Universidade Federal dos Vales do Jequitinhonha e Mucuri - UFVJM  </subfield><subfield code="0">https://orcid.org/0000-0002-9069-0599</subfield></datafield>
<datafield tag="720" ind1="1" ind2=" ">
<subfield code="a">Schutt, William</subfield>
<subfield code="u">Case Western Reserve University</subfield><subfield code="0">https://orcid.org/0000-0003-0473-1380</subfield></datafield>
<datafield tag="520" ind1=" " ind2=" ">
<subfield code="a"> Objective: To analyze meaning in life, satisfaction with life, and the influence of sociodemographic variables in Brazilians with Spinal Cord Injury (SCI). This was a quantitative, cross-sectional, and descriptive study. Participants: Adults with traumatic SCI. Methods: The data were collected through the Survey Monkey platform using the Meaning in Life Questionnaire and the Satisfaction With Life Scale; the sample was composed of adults 18 years old or older with Traumatic SCI. Results: Most of the participants were male (75.5%), with a mean age of 36.22. The average score on the Satisfaction With Life Scale was 21.26, which corresponds to the Slightly satisfied category. The mean scores, respectively, for search and presence of meaning in life were 22.61 and 25.32, indicating that most participants find life meaningful even though they don’t explicitly search for meaning. There were significant associations between satisfaction with life and the meaning in life. Conclusion: In the rehabilitation process for people with Traumatic SCI, the assessment of satisfaction and the meaning of life must be managed together along with other psychological variables. Considering the complex life context of people suffering from a Traumatic SCI, there is a need for both holistic and individualized understanding during the rehabilitation process. </subfield>
</datafield>
<datafield tag="260" ind1=" " ind2=" ">
<subfield code="b">Faculdade de Medicina, Universidade de São Paulo</subfield>
</datafield>
<dataField tag="260" ind1=" " ind2=" ">
<subfield code="c">2020-12-31 00:00:00</subfield>
</dataField>   <datafield tag="856" ind1=" " ind2=" ">
<subfield code="q">application/pdf</subfield>
</datafield>
<datafield tag="856" ind1="4" ind2="0">
<subfield code="u">https://www.revistas.usp.br/actafisiatrica/article/view/177134</subfield>
</datafield>  <datafield tag="786" ind1="0" ind2=" ">
<subfield code="n">Acta Fisiátrica; v. 27 n. 4 (2020)</subfield>
</datafield>  <datafield tag="546" ind1=" " ind2=" ">
<subfield code="a">eng</subfield>
</datafield>   <datafield tag="540" ind1=" " ind2=" ">
<subfield code="a">Copyright (c) 2020 Acta Fisiátrica</subfield>
</datafield>
</record>
</metadata>
</record>