
<record>
<header>
<identifier>oai:revistas.usp.br:article/178186</identifier>
<datestamp>2021-04-26T13:11:28Z</datestamp>
<setSpec>actafisiatrica:Art.+Orig.</setSpec>
<setSpec>driver</setSpec>
</header>
<metadata>
<record xmlns="http://www.loc.gov/MARC21/slim" xmlns:xsi="http://www.w3.org/2001/XMLSchema-instance" xsi:schemaLocation="http://www.loc.gov/MARC21/slim http://www.loc.gov/standards/marcxml/schema/MARC21slim.xsd">
<leader>     nmb a2200000Iu 4500</leader>
<controlfield tag="008">"201231 2020                        eng  "</controlfield>
<datafield tag="022" ind1="#" ind2="#">
<subfield code="$a">2317-0190</subfield>
</datafield>
<datafield tag="022" ind1="#" ind2="#">
<subfield code="$a">0104-7795</subfield>
</datafield>
<datafield tag="042" ind1=" " ind2=" ">
<subfield code="a">dc</subfield>
</datafield>
<datafield tag="245" ind1="0" ind2="0">
<subfield code="a">Validação psicométrica da Social Physique Anxiety Scale para brasileiros com amputação de membros</subfield>
</datafield>  <datafield tag="720" ind1="1" ind2=" ">
<subfield code="a">Ferreira Filho, Roberto Gomes</subfield>
<subfield code="u">Escola de Educação Física do Exército – ESEFEX</subfield><subfield code="0">https://orcid.org/0000-0002-5854-9587</subfield></datafield>
<datafield tag="720" ind1="1" ind2=" ">
<subfield code="a">Neves, Angela Nogueira</subfield>
<subfield code="u">Escola de Educação Física do Exército – ESEFEX</subfield><subfield code="0">https://orcid.org/0000-0001-8304-1040</subfield></datafield>
<datafield tag="520" ind1=" " ind2=" ">
<subfield code="a"> A ansiedade físico-social versa sobre a sensação de desconforto vivenciado quando há uma situação real ou imaginária, na qual parte ou todo o corpo é exposto ao julgamento de outra pessoa. Objetivo: Verificar a estrutura fatorial da versão brasileira da Social Physique Anxiety Scale em uma amostra de referência de pessoas amputadas. Métodos: Foi realizada análise fatorial confirmatória com os dados obtidos de uma amostra de 100 participantes, dos quais 99% eram homens, com idade média de 48,26 (± 18,26; máx= 82; mín= 15) anos e tempo médio de amputação de 76,36 (±95,36; máx= 504; mín= 1) meses, para averiguação do melhor ajuste entre os modelos unidimensional e bidimensional. Calculados valores da confiabilidade de constructo e do teste de alpha de Conbrach para determinar evidências de confiabilidade. Para a validade de constructo, geradas evidências de validade convergente e discriminante. Evidências de validade convergente foram geradas pela variância média extraída (AVE) e pela análise da correlação com medida de constructo semelhante. Para a validade discriminante, foi verificado se havia a diferença teoricamente esperada entre dois grupos. Resultados: O modelo com melhor ajuste foi o unidimensional após a eliminação de quatro itens (RMSEA= 0,074, χ2/gl= 1,54, CFI= 1, NFI= 0,98, NNFI= 1, AGFI= 0,98, GFI= 0,99, AIC= 62,84). As evidências de confiabilidade interna e discriminante foram satisfatoriamente geradas para o modelo de medida, havendo uma ressalva à validade convergente, com baixo valor de variância média extraída. Conclusão: A escala pode ser usada no Brasil para avaliar a ansiedade físico-social em pessoas amputadas. </subfield>
</datafield>
<datafield tag="260" ind1=" " ind2=" ">
<subfield code="b">Faculdade de Medicina, Universidade de São Paulo</subfield>
</datafield>
<dataField tag="260" ind1=" " ind2=" ">
<subfield code="c">2020-12-31 00:00:00</subfield>
</dataField>   <datafield tag="856" ind1=" " ind2=" ">
<subfield code="q">application/pdf</subfield>
</datafield>
<datafield tag="856" ind1="4" ind2="0">
<subfield code="u">https://www.revistas.usp.br/actafisiatrica/article/view/178186</subfield>
</datafield>  <datafield tag="786" ind1="0" ind2=" ">
<subfield code="n">Acta Fisiátrica; v. 27 n. 4 (2020)</subfield>
</datafield>  <datafield tag="546" ind1=" " ind2=" ">
<subfield code="a">por</subfield>
</datafield>   <datafield tag="540" ind1=" " ind2=" ">
<subfield code="a">Copyright (c) 2020 Acta Fisiátrica</subfield>
</datafield>
</record>
</metadata>
</record>