
<record>
<header>
<identifier>oai:revistas.usp.br:article/178238</identifier>
<datestamp>2023-08-01T18:35:06Z</datestamp>
<setSpec>actafisiatrica:Art.+Rev.</setSpec>
<setSpec>driver</setSpec>
</header>
<metadata>
<record xmlns="http://www.loc.gov/MARC21/slim" xmlns:xsi="http://www.w3.org/2001/XMLSchema-instance" xsi:schemaLocation="http://www.loc.gov/MARC21/slim http://www.loc.gov/standards/marcxml/schema/MARC21slim.xsd">
<leader>     nmb a2200000Iu 4500</leader>
<controlfield tag="008">"230630 2023                        eng  "</controlfield>
<datafield tag="022" ind1="#" ind2="#">
<subfield code="$a">2317-0190</subfield>
</datafield>
<datafield tag="022" ind1="#" ind2="#">
<subfield code="$a">0104-7795</subfield>
</datafield>
<datafield tag="042" ind1=" " ind2=" ">
<subfield code="a">dc</subfield>
</datafield>
<datafield tag="245" ind1="0" ind2="0">
<subfield code="a">Utilização da algometria e termografia infravermelha como instrumentos de avaliação da dor: uma revisão sistemática </subfield>
</datafield>  <datafield tag="720" ind1="1" ind2=" ">
<subfield code="a">Vitorino, Cristiano Franco</subfield>
<subfield code="u">Centro Universitário Adventista</subfield><subfield code="0">https://orcid.org/0000-0002-4267-288X</subfield></datafield>
<datafield tag="720" ind1="1" ind2=" ">
<subfield code="a">Silva, Natália Cristina de Oliveira Vargas e</subfield>
<subfield code="u">Centro Universitário Adventista</subfield></datafield>
<datafield tag="720" ind1="1" ind2=" ">
<subfield code="a">Alfieri, Fabio Marcon</subfield>
<subfield code="u">Centro Universitário Adventista</subfield><subfield code="0">https://orcid.org/0000-0002-5242-3246</subfield></datafield>
<datafield tag="520" ind1=" " ind2=" ">
<subfield code="a"> A termografia infravermelha é uma técnica utilizada para diagnóstico complementar da dor, através da apresentação de imagens térmicas com uma câmera infravermelha que mensura a temperatura da superfície do corpo. A algometria de pressão é um método objetivo que busca quantificar a dor em pontos determinados. Ambas as técnicas vem sido empregadas para finalidades diagnósticas. Objetivo: Revisar a literatura acerca das publicações que abordaram a utilização da termografia e algometria em conjunto como instrumentos de avaliação da dor. Método: Trata-se de uma revisão sistemática nas bases de dados Pubmed, Bireme e Scielo utilizando os seguintes descritores: “thermography” AND “pain threshold”, e “termografia” AND “tolerância à dor”, sem limitação por data de publicação, em inglês e português, no mês de setembro de 2022. Os critérios de elegibilidade para os estudos foram: utilização da termografia em conjunto com a algometria na busca do desfecho variação da temperatura em processos dolorosos crônicos em seres humanos. Resultados: A busca resultou em trinta e dois estudos, e após a análise dos resumos, vinte e dois foram excluídos por não preencherem os critérios de inclusão, restando dez que foram lidos na íntegra e que compuseram a presente revisão. Conclusão:  Apesar da algometria e termografia se apresentarem como técnicas pragmaticamente válidas no estudo da dor, esta revisão mostrou que poucos estudos incluíram em seu desenho a combinação destas técnicas como instrumentos de avaliação. </subfield>
</datafield>
<datafield tag="260" ind1=" " ind2=" ">
<subfield code="b">Faculdade de Medicina, Universidade de São Paulo</subfield>
</datafield>
<dataField tag="260" ind1=" " ind2=" ">
<subfield code="c">2023-06-30 00:00:00</subfield>
</dataField>   <datafield tag="856" ind1=" " ind2=" ">
<subfield code="q">application/pdf</subfield>
</datafield>
<datafield tag="856" ind1="4" ind2="0">
<subfield code="u">https://www.revistas.usp.br/actafisiatrica/article/view/178238</subfield>
</datafield>  <datafield tag="786" ind1="0" ind2=" ">
<subfield code="n">Acta Fisiátrica; v. 30 n. 2 (2023)</subfield>
</datafield>  <datafield tag="546" ind1=" " ind2=" ">
<subfield code="a">por</subfield>
</datafield>   <datafield tag="540" ind1=" " ind2=" ">
<subfield code="a">Copyright (c) 2023 Acta Fisiátrica</subfield>
</datafield>
</record>
</metadata>
</record>