
<record>
<header>
<identifier>oai:revistas.usp.br:article/178254</identifier>
<datestamp>2022-11-30T19:50:56Z</datestamp>
<setSpec>actafisiatrica:Art.+Rev.</setSpec>
<setSpec>driver</setSpec>
</header>
<metadata>
<record xmlns="http://www.loc.gov/MARC21/slim" xmlns:xsi="http://www.w3.org/2001/XMLSchema-instance" xsi:schemaLocation="http://www.loc.gov/MARC21/slim http://www.loc.gov/standards/marcxml/schema/MARC21slim.xsd">
<leader>     nmb a2200000Iu 4500</leader>
<controlfield tag="008">"220927 2022                        eng  "</controlfield>
<datafield tag="022" ind1="#" ind2="#">
<subfield code="$a">2317-0190</subfield>
</datafield>
<datafield tag="022" ind1="#" ind2="#">
<subfield code="$a">0104-7795</subfield>
</datafield>
<datafield tag="042" ind1=" " ind2=" ">
<subfield code="a">dc</subfield>
</datafield>
<datafield tag="245" ind1="0" ind2="0">
<subfield code="a">Efeito da farmacoterapia na fibromialgia: uma overview de revisões sistemáticas</subfield>
</datafield>  <datafield tag="720" ind1="1" ind2=" ">
<subfield code="a">Costa, Alana Teles </subfield>
<subfield code="u">Universidade Federal de Sergipe</subfield><subfield code="0">https://orcid.org/0000-0003-2498-5265</subfield></datafield>
<datafield tag="720" ind1="1" ind2=" ">
<subfield code="a">Figueiredo, Renata Ferraz </subfield>
<subfield code="u">Universidade Federal de Sergipe</subfield><subfield code="0">https://orcid.org/0000-0002-0229-8889</subfield></datafield>
<datafield tag="720" ind1="1" ind2=" ">
<subfield code="a">Silva, Rafaella de Oliveira Santos</subfield>
<subfield code="u">Universidade Federal de Sergipe</subfield><subfield code="0">https://orcid.org/0000-0002-8265-2226</subfield></datafield>
<datafield tag="720" ind1="1" ind2=" ">
<subfield code="a">Silva, Tatiana Damasceno da</subfield>
<subfield code="u">Universidade Federal de Sergipe</subfield><subfield code="0">https://orcid.org/0000-0003-2233-6368</subfield></datafield>
<datafield tag="720" ind1="1" ind2=" ">
<subfield code="a">Alcantara, Thaciana dos Santos</subfield>
<subfield code="u">Universidade Federal de Sergipe</subfield><subfield code="0">https://orcid.org/0000-0003-0781-7999</subfield></datafield>
<datafield tag="720" ind1="1" ind2=" ">
<subfield code="a">Serafini, Mairim Russo</subfield>
<subfield code="u">Universidade Federal de Sergipe</subfield><subfield code="0">https://orcid.org/0000-0003-4223-3470</subfield></datafield>
<datafield tag="720" ind1="1" ind2=" ">
<subfield code="a">Lyra Júnior, Divaldo Pereira de</subfield>
<subfield code="u">Universidade Federal de Sergipe</subfield><subfield code="0">https://orcid.org/0000-0002-0266-0702</subfield></datafield>
<datafield tag="720" ind1="1" ind2=" ">
<subfield code="a">Walker, Cristiani Isabel Banderó</subfield>
<subfield code="u">Universidade Federal de Sergipe</subfield><subfield code="0">https://orcid.org/0000-0001-6219-2325</subfield></datafield>
<datafield tag="520" ind1=" " ind2=" ">
<subfield code="a"> Fibromyalgia is a debilitating and chronic pain processing disorder, in which the proportion of patients who achieve good results with pharmacotherapy is small. However, choosing the best available evidence on pharmacotherapy can optimize patient clinical outcomes. Objective: This overview aimed to identify in systematic reviews the effects of pharmacotherapy on fibromyalgia, considering the quality of the reviews and the efficacy of the outcomes. Methods: This search was performed in seven databases: PubMed, Web of Science, COCHRANE, Lilacs, Embase, Scopus and IPA. The methodological quality was evaluated using A MeaSurement Tool to Assess Systematic Reviews 2. The protocol was registered in the PROSPERO database (CRD42018095943). Results: A total of 63 systematic reviews were selected after reading full texts, but only 8 of them were of moderate to high quality and were included in this overview. All included reviews were published in English, between 2012 and 2018, performed meta-analysis, used the American College of Rheumatology (1990) diagnostic criteria for fibromyalgia, and jointly assessed pain improvement, adverse reactions, and withdrawal. Most reviews included only randomized controlled trials. Of the fourteen drugs addressed in systematic reviews evaluated, duloxetine, milnacipran, and pregabalin showed evidence of improvement in pain (Moderate: ≤30%) and other fibromyalgia symptoms, as depression and fatigue. However, these medications presented significant withdrawals due to adverse reactions (mainly nausea, headache, dizziness and constipation). The rate of treatment withdrawal reached 36%. Conclusion: Few studies have high quality and sufficient evidence on the effect of medicines on fibromyalgia, resulting in a lack of support for prescribers to choose drugs that meet criteria for need, effectiveness, safety and compliance. </subfield>
</datafield>
<datafield tag="260" ind1=" " ind2=" ">
<subfield code="b">Faculdade de Medicina, Universidade de São Paulo</subfield>
</datafield>
<dataField tag="260" ind1=" " ind2=" ">
<subfield code="c">2022-09-27 11:51:32</subfield>
</dataField>   <datafield tag="856" ind1=" " ind2=" ">
<subfield code="q">application/pdf</subfield>
</datafield>
<datafield tag="856" ind1="4" ind2="0">
<subfield code="u">https://www.revistas.usp.br/actafisiatrica/article/view/178254</subfield>
</datafield>  <datafield tag="786" ind1="0" ind2=" ">
<subfield code="n">Acta Fisiátrica; v. 29 n. 3 (2022)</subfield>
</datafield>  <datafield tag="546" ind1=" " ind2=" ">
<subfield code="a">eng</subfield>
</datafield>   <datafield tag="540" ind1=" " ind2=" ">
<subfield code="a">Copyright (c) 2022 Acta Fisiátrica</subfield>
</datafield>
</record>
</metadata>
</record>