
<record>
<header>
<identifier>oai:revistas.usp.br:article/178441</identifier>
<datestamp>2021-10-15T17:11:18Z</datestamp>
<setSpec>actafisiatrica:Art.+Orig.</setSpec>
<setSpec>driver</setSpec>
</header>
<metadata>
<record xmlns="http://www.loc.gov/MARC21/slim" xmlns:xsi="http://www.w3.org/2001/XMLSchema-instance" xsi:schemaLocation="http://www.loc.gov/MARC21/slim http://www.loc.gov/standards/marcxml/schema/MARC21slim.xsd">
<leader>     nmb a2200000Iu 4500</leader>
<controlfield tag="008">"210630 2021                        eng  "</controlfield>
<datafield tag="022" ind1="#" ind2="#">
<subfield code="$a">2317-0190</subfield>
</datafield>
<datafield tag="022" ind1="#" ind2="#">
<subfield code="$a">0104-7795</subfield>
</datafield>
<datafield tag="042" ind1=" " ind2=" ">
<subfield code="a">dc</subfield>
</datafield>
<datafield tag="245" ind1="0" ind2="0">
<subfield code="a">Validade e confiabilidade da versão brasileira da Trinity Amputation and Prosthesis Experience Scales - Revised (TAPES-R)</subfield>
</datafield>  <datafield tag="720" ind1="1" ind2=" ">
<subfield code="a">Gutierres Filho, Paulo José Barbosa</subfield>
<subfield code="u">Universidade de Brasília - UnB</subfield><subfield code="0">https://orcid.org/0000-0001-7753-0825</subfield></datafield>
<datafield tag="720" ind1="1" ind2=" ">
<subfield code="a">Silva, Diego Rodrigues Pimentel da</subfield>
<subfield code="u">Universidade de Brasília - UnB</subfield><subfield code="0">https://orcid.org/0000-0003-2895-4458</subfield></datafield>
<datafield tag="720" ind1="1" ind2=" ">
<subfield code="a">Pires, Greicy Kelly Wosniak</subfield>
<subfield code="u">Universidade do Estado de Santa Catarina - UDESC</subfield><subfield code="0">https://orcid.org/0001-5032-0852</subfield></datafield>
<datafield tag="720" ind1="1" ind2=" ">
<subfield code="a"> Luza, Lisiane Piazza</subfield>
<subfield code="u">Instituto de Desenvolvimento Educacional do Alto Uruguai - IDEAU</subfield><subfield code="0">http://orcid.org/0000-0002-5684-7388</subfield></datafield>
<datafield tag="720" ind1="1" ind2=" ">
<subfield code="a">Ferreira, Elizandra Gonçalves </subfield>
<subfield code="u">Centro Universitário Estácio de Santa Catarina</subfield><subfield code="0">http://orcid.org/0000-0002-2832-5750</subfield></datafield>
<datafield tag="720" ind1="1" ind2=" ">
<subfield code="a">da Silva, Franciele Cascaes </subfield>
<subfield code="u">Universidade do Sul de Santa Catarina - UNISUL</subfield><subfield code="0">https://orcid.org/0000-0002-4444-9403</subfield></datafield>
<datafield tag="720" ind1="1" ind2=" ">
<subfield code="a">Fernandes, Jorge Manuel Gomes de Azevedo </subfield>
<subfield code="u">Universidade de Évora</subfield><subfield code="0">https://orcid.org/0000-0001-8205-5870</subfield></datafield>
<datafield tag="720" ind1="1" ind2=" ">
<subfield code="a">da Silva, Rudney </subfield>
<subfield code="u">Universidade do Estado de Santa Catarina - UDESC</subfield><subfield code="0">https://orcid.org/0000-0002-9386-0039</subfield></datafield>
<datafield tag="520" ind1=" " ind2=" ">
<subfield code="a"> Objetivo: Avaliar a validade e confiabilidade da versão brasileira da TAPES-R em uma população com amputação de membro inferior. Método: Participaram deste estudo transversal 102 pessoas com amputação de membro inferior, usuárias de prótese. Foram avaliadas as propriedades psicométricas (validade concorrente, grau de concordância (Índice de Kappa) e confiabilidade (ICC) intra e interobservador, além da consistência interna dos itens pelo alfa de Cronbach) da versão brasileira da TAPES-R. Para avaliação da validade concorrente foi utilizado o Prosthesis Evaluation Questionnaire (PEQ). Resultados: A TAPES-R se correlacionou com o PEQ, com exceção das subescalas de ajuste social e geral. O ICC interobservador variou de 0,38 a 0,88 na parte 1 e de 0,27 a 0,88 na parte 2, já o ICC intraobservador variou de 0,63 a 0,83 na parte 1 e de 0,27 a 0,79 na parte 2. O índice de Kappa variou de 0,18 a 0,66 na análise interobservador e de 0,25 a 0,69 na análise intraobservador. O Alfa de Cronbach variou de 0,75 a 0,89. Conclusão: A avaliação das propriedades psicométricas permite concluir que a TAPES-R é válida, confiável e apresenta uma boa consistência interna para ser aplicada em adultos brasileiros amputados de membro inferior.  </subfield>
</datafield>
<datafield tag="260" ind1=" " ind2=" ">
<subfield code="b">Faculdade de Medicina, Universidade de São Paulo</subfield>
</datafield>
<dataField tag="260" ind1=" " ind2=" ">
<subfield code="c">2021-06-30 00:00:00</subfield>
</dataField>   <datafield tag="856" ind1=" " ind2=" ">
<subfield code="q">application/pdf</subfield>
</datafield>
<datafield tag="856" ind1=" " ind2=" ">
<subfield code="q">application/pdf</subfield>
</datafield>
<datafield tag="856" ind1="4" ind2="0">
<subfield code="u">https://www.revistas.usp.br/actafisiatrica/article/view/178441</subfield>
</datafield>  <datafield tag="786" ind1="0" ind2=" ">
<subfield code="n">Acta Fisiátrica; v. 28 n. 2 (2021)</subfield>
</datafield>  <datafield tag="546" ind1=" " ind2=" ">
<subfield code="a">por</subfield>
</datafield>   <datafield tag="540" ind1=" " ind2=" ">
<subfield code="a">Copyright (c) 2021 Acta Fisiátrica</subfield>
</datafield>
</record>
</metadata>
</record>