
<record>
<header>
<identifier>oai:revistas.usp.br:article/180093</identifier>
<datestamp>2022-06-28T17:50:22Z</datestamp>
<setSpec>actafisiatrica:Art.+Orig.</setSpec>
<setSpec>driver</setSpec>
</header>
<metadata>
<record xmlns="http://www.loc.gov/MARC21/slim" xmlns:xsi="http://www.w3.org/2001/XMLSchema-instance" xsi:schemaLocation="http://www.loc.gov/MARC21/slim http://www.loc.gov/standards/marcxml/schema/MARC21slim.xsd">
<leader>     nmb a2200000Iu 4500</leader>
<controlfield tag="008">"220331 2022                        eng  "</controlfield>
<datafield tag="022" ind1="#" ind2="#">
<subfield code="$a">2317-0190</subfield>
</datafield>
<datafield tag="022" ind1="#" ind2="#">
<subfield code="$a">0104-7795</subfield>
</datafield>
<datafield tag="042" ind1=" " ind2=" ">
<subfield code="a">dc</subfield>
</datafield>
<datafield tag="245" ind1="0" ind2="0">
<subfield code="a">Validação de um modelo preditivo do VO2pico em jovens brasileiros com espinha bífida</subfield>
</datafield>  <datafield tag="720" ind1="1" ind2=" ">
<subfield code="a">Leonardi-Figueiredo, Marisa Maia </subfield>
</datafield>
<datafield tag="720" ind1="1" ind2=" ">
<subfield code="a">Davoli, Gabriela Barroso de Queiroz</subfield>
</datafield>
<datafield tag="720" ind1="1" ind2=" ">
<subfield code="a">Mattiello-Sverzut, Ana Claudia</subfield>
</datafield>
<datafield tag="520" ind1=" " ind2=" ">
<subfield code="a"> Objective: To validate a peak oxygen uptake (VO2peak) prediction model in Brazilian youth with spina bifida. Methods: Twenty participants with spina bifida performed a graded arm crank test to measure VO2peak. The VO2peak values predicted by the equation “VO2peak (mL/min) = 194 + 18 × peak workload – 110 × sex” were compared to the VO2peak values measured. Results: The predicted VO2peak was not different from the measured VO2peak. A high correlation was found between both VO2peak values, and the Bland-Altman analysis did not show a significant difference, demonstrating agreement between the values. Conclusions: The VO2peak prediction model in Brazilian youth with spina bifida was validated, being an advantageous alternative to assess and follow physical fitness and prescribe exercise training intensity. </subfield>
</datafield>
<datafield tag="260" ind1=" " ind2=" ">
<subfield code="b">Faculdade de Medicina, Universidade de São Paulo</subfield>
</datafield>
<dataField tag="260" ind1=" " ind2=" ">
<subfield code="c">2022-03-31 00:00:00</subfield>
</dataField>   <datafield tag="856" ind1=" " ind2=" ">
<subfield code="q">application/pdf</subfield>
</datafield>
<datafield tag="856" ind1="4" ind2="0">
<subfield code="u">https://www.revistas.usp.br/actafisiatrica/article/view/180093</subfield>
</datafield>  <datafield tag="786" ind1="0" ind2=" ">
<subfield code="n">Acta Fisiátrica; v. 29 n. 1 (2022)</subfield>
</datafield>  <datafield tag="546" ind1=" " ind2=" ">
<subfield code="a">eng</subfield>
</datafield>   <datafield tag="540" ind1=" " ind2=" ">
<subfield code="a">Copyright (c) 2022 Acta Fisiátrica</subfield>
</datafield>
</record>
</metadata>
</record>