
<record>
<header>
<identifier>oai:revistas.usp.br:article/180347</identifier>
<datestamp>2021-04-26T13:11:28Z</datestamp>
<setSpec>actafisiatrica:Art.+Orig.</setSpec>
<setSpec>driver</setSpec>
</header>
<metadata>
<record xmlns="http://www.loc.gov/MARC21/slim" xmlns:xsi="http://www.w3.org/2001/XMLSchema-instance" xsi:schemaLocation="http://www.loc.gov/MARC21/slim http://www.loc.gov/standards/marcxml/schema/MARC21slim.xsd">
<leader>     nmb a2200000Iu 4500</leader>
<controlfield tag="008">"201231 2020                        eng  "</controlfield>
<datafield tag="022" ind1="#" ind2="#">
<subfield code="$a">2317-0190</subfield>
</datafield>
<datafield tag="022" ind1="#" ind2="#">
<subfield code="$a">0104-7795</subfield>
</datafield>
<datafield tag="042" ind1=" " ind2=" ">
<subfield code="a">dc</subfield>
</datafield>
<datafield tag="245" ind1="0" ind2="0">
<subfield code="a">Confiabilidade do dispositivo PhysioPlay™ para avaliar o tempo de reação de pacientes com câncer</subfield>
</datafield>  <datafield tag="720" ind1="1" ind2=" ">
<subfield code="a">Anciães, Júlia da Costa </subfield>
<subfield code="u">Universidade Federal de Alfenas - UNIFAL</subfield><subfield code="0">https://orcid.org/0000-0002-9977-7092</subfield></datafield>
<datafield tag="720" ind1="1" ind2=" ">
<subfield code="a">Alves, Ricardo da Silva</subfield>
<subfield code="u">Universidade do Vale do Sapucaí</subfield><subfield code="0">https://orcid.org/0000-0001-6931-3943</subfield></datafield>
<datafield tag="720" ind1="1" ind2=" ">
<subfield code="a">Silva Pereira, Paola de Paula</subfield>
<subfield code="u">Universidade do Vale do Sapucaí</subfield><subfield code="0">https://orcid.org/0000-0003-0266-5236</subfield></datafield>
<datafield tag="720" ind1="1" ind2=" ">
<subfield code="a">Nascimento, Eduarda Suellen Figueiredo Silva do</subfield>
<subfield code="u">Universidade Federal de Alfenas - UNIFAL</subfield><subfield code="0">https://orcid.org/0000-0002-3416-6100</subfield></datafield>
<datafield tag="720" ind1="1" ind2=" ">
<subfield code="a">Iunes, Denise Hollanda</subfield>
<subfield code="u">Universidade Federal de Alfenas - UNIFAL</subfield><subfield code="0">https://orcid.org/0000-0003-1396-9980</subfield></datafield>
<datafield tag="720" ind1="1" ind2=" ">
<subfield code="a">Bressan, Paulo Alexandre</subfield>
<subfield code="u">Universidade Federal de Alfenas - UNIFAL</subfield><subfield code="0">https://orcid.org/0000-0003-3576-6009</subfield></datafield>
<datafield tag="720" ind1="1" ind2=" ">
<subfield code="a">Carvalho, Leonardo César</subfield>
<subfield code="u">Universidade Federal de Alfenas - UNIFAL</subfield><subfield code="0">https://orcid.org/0000-0001-6511-8315</subfield></datafield>
<datafield tag="520" ind1=" " ind2=" ">
<subfield code="a"> Objective: To determine the intra-evaluator and inter-evaluator reliability of the Physioplay-Kinect interaction and Trigno device for assessing the reaction time (RT) of cancer volunteers undergoing treatment. Methods: 46 cancer volunteers who underwent treatment modalities participated and were allocated into three groups: Chemotherapy Group (CG), Radiotherapy Group (RG), and Chemotherapy-Radiotherapy Group (CRG). The RT for all volunteers was assessed using the PhysioPlay™ and Trigno device. Results: In the intra-evaluator analysis, excellent levels of reliability (Physioplay: ICC&gt; 0.99; Trigno 8: ICC&gt;0.92) were observed in all groups. In the inter-evaluator analysis, excellent levels of reliability were observed in the CG (Physioplay: ICC= 0.98; Trigno 8: ICC= 0.98); excellent (Physioplay: ICC= 0.98) and good (Trigno 8: ICC= 0.44) levels in the RG; good (Physioplay: ICC= 0.49) and reasonable (Trigno 8: ICC= 0.29) levels in the CRG. Conclusion: The PhysioPlay™ and Trigno device proved to be reliable for assessing the RT of cancer volunteers undergoing treatment. </subfield>
</datafield>
<datafield tag="260" ind1=" " ind2=" ">
<subfield code="b">Faculdade de Medicina, Universidade de São Paulo</subfield>
</datafield>
<dataField tag="260" ind1=" " ind2=" ">
<subfield code="c">2020-12-31 00:00:00</subfield>
</dataField>   <datafield tag="856" ind1=" " ind2=" ">
<subfield code="q">application/pdf</subfield>
</datafield>
<datafield tag="856" ind1="4" ind2="0">
<subfield code="u">https://www.revistas.usp.br/actafisiatrica/article/view/180347</subfield>
</datafield>  <datafield tag="786" ind1="0" ind2=" ">
<subfield code="n">Acta Fisiátrica; v. 27 n. 4 (2020)</subfield>
</datafield>  <datafield tag="546" ind1=" " ind2=" ">
<subfield code="a">eng</subfield>
</datafield>   <datafield tag="540" ind1=" " ind2=" ">
<subfield code="a">Copyright (c) 2020 Acta Fisiátrica</subfield>
</datafield>
</record>
</metadata>
</record>