
<record>
<header>
<identifier>oai:revistas.usp.br:article/180627</identifier>
<datestamp>2022-04-01T15:27:54Z</datestamp>
<setSpec>actafisiatrica:Art.+Orig.</setSpec>
<setSpec>driver</setSpec>
</header>
<metadata>
<record xmlns="http://www.loc.gov/MARC21/slim" xmlns:xsi="http://www.w3.org/2001/XMLSchema-instance" xsi:schemaLocation="http://www.loc.gov/MARC21/slim http://www.loc.gov/standards/marcxml/schema/MARC21slim.xsd">
<leader>     nmb a2200000Iu 4500</leader>
<controlfield tag="008">"211231 2021                        eng  "</controlfield>
<datafield tag="022" ind1="#" ind2="#">
<subfield code="$a">2317-0190</subfield>
</datafield>
<datafield tag="022" ind1="#" ind2="#">
<subfield code="$a">0104-7795</subfield>
</datafield>
<datafield tag="042" ind1=" " ind2=" ">
<subfield code="a">dc</subfield>
</datafield>
<datafield tag="245" ind1="0" ind2="0">
<subfield code="a">Efeitos das estratégias de prática mental associadas à fisioterapia sobre a marcha e risco de quedas na doença de Parkinson: estudo experimental</subfield>
</datafield>  <datafield tag="720" ind1="1" ind2=" ">
<subfield code="a">Silva, Liliane Pereira da</subfield>
<subfield code="u">Universidade Federal de Pernambuco - UFPE</subfield><subfield code="0">https://orcid.org/0000-0003-0719-6846</subfield></datafield>
<datafield tag="720" ind1="1" ind2=" ">
<subfield code="a">Silva, Taís Arcanjo Maropo da</subfield>
<subfield code="u">Universidade Federal de Pernambuco - UFPE</subfield><subfield code="0">https://orcid.org/0000-0002-1697-0824</subfield></datafield>
<datafield tag="720" ind1="1" ind2=" ">
<subfield code="a">Silva, Kássia Maria Clemente da</subfield>
<subfield code="u"> Universidade Federal de Pernambuco - UFPE</subfield><subfield code="0">https://orcid.org/0000-0002-4945-2943</subfield></datafield>
<datafield tag="720" ind1="1" ind2=" ">
<subfield code="a">Santos, Suzana Pereira dos</subfield>
<subfield code="u">Universidade Federal de Pernambuco - UFPE</subfield><subfield code="0">https://orcid.org/0000-0003-3965-0089</subfield></datafield>
<datafield tag="720" ind1="1" ind2=" ">
<subfield code="a">Silva, Douglas Monteiro da</subfield>
<subfield code="u">Universidade Federal de Pernambuco - UFPE</subfield><subfield code="0">https://orcid.org/0000-0002-3589-4716</subfield></datafield>
<datafield tag="720" ind1="1" ind2=" ">
<subfield code="a">Lins, Carla Cabral dos Santos Accioly</subfield>
<subfield code="u">Universidade Federal de Pernambuco - UFPE</subfield><subfield code="0">http://orcid.org/0000-0002-1018-5331</subfield></datafield>
<datafield tag="720" ind1="1" ind2=" ">
<subfield code="a">Coriolano, Maria das Graças Wanderley de Sales</subfield>
<subfield code="u">Universidade Federal de Pernambuco - UFPE</subfield><subfield code="0">http://orcid.org/0000-0002-7937-7761</subfield></datafield>
<datafield tag="720" ind1="1" ind2=" ">
<subfield code="a">Lins, Otávio Gomes</subfield>
<subfield code="u">Universidade Federal de Pernambuco - UFPE</subfield><subfield code="0">http://orcid.org/0000-0003-1593-4239</subfield></datafield>
<datafield tag="520" ind1=" " ind2=" ">
<subfield code="a"> Objective: To compare the effects of mental practice (MP) strategies associated with physical therapy on gait and risk of falls in people with Parkinson&#039;s disease (PD). Method: We included 35 people of both sexes with mild to moderate idiopathic PD allocated into four groups; 1- Control group (CG), 2- Image-guided mental practice group (IGMP), 3- Audio-guided mental practice group (AGMP) and 4- Unguided mental practice group (UMP). The subjects in the experimental groups underwent 15 sessions of motor physical therapy and mental practice, while the CG received only physical therapy. The sessions were held twice a week, 40 minutes for motor physical therapy and 1 minutes for the corresponding Mental Practice protocol. To evaluate the spatiotemporal parameters of the gait, the 10-meter Walking Test was used and the risk of falls using the Timed Up and Go (TUG). Results: The IGPM group presented significant results for the time (p= 0.027) and gait speed (p= 0.025) when compared to the results of the CG. Cadence and risk of falls had no major effect for the group. The UMP and AGMP groups did not present statistically significant results for TC10m and TUG when compared with CG. Conclusion: The results of this study suggest that image-guided mental practice training associated with motor physical therapy is more effective in increasing gait speed than other MP strategies. </subfield>
</datafield>
<datafield tag="260" ind1=" " ind2=" ">
<subfield code="b">Faculdade de Medicina, Universidade de São Paulo</subfield>
</datafield>
<dataField tag="260" ind1=" " ind2=" ">
<subfield code="c">2021-12-31 00:00:00</subfield>
</dataField>   <datafield tag="856" ind1=" " ind2=" ">
<subfield code="q">application/pdf</subfield>
</datafield>
<datafield tag="856" ind1="4" ind2="0">
<subfield code="u">https://www.revistas.usp.br/actafisiatrica/article/view/180627</subfield>
</datafield>  <datafield tag="786" ind1="0" ind2=" ">
<subfield code="n">Acta Fisiátrica; v. 28 n. 4 (2021)</subfield>
</datafield>  <datafield tag="546" ind1=" " ind2=" ">
<subfield code="a">eng</subfield>
</datafield>   <datafield tag="540" ind1=" " ind2=" ">
<subfield code="a">Copyright (c) 2021 Acta Fisiátrica</subfield>
</datafield>
</record>
</metadata>
</record>