
<record>
<header>
<identifier>oai:revistas.usp.br:article/181212</identifier>
<datestamp>2022-02-01T13:27:52Z</datestamp>
<setSpec>actafisiatrica:Rel.+Caso</setSpec>
<setSpec>driver</setSpec>
</header>
<metadata>
<record xmlns="http://www.loc.gov/MARC21/slim" xmlns:xsi="http://www.w3.org/2001/XMLSchema-instance" xsi:schemaLocation="http://www.loc.gov/MARC21/slim http://www.loc.gov/standards/marcxml/schema/MARC21slim.xsd">
<leader>     nmb a2200000Iu 4500</leader>
<controlfield tag="008">"210930 2021                        eng  "</controlfield>
<datafield tag="022" ind1="#" ind2="#">
<subfield code="$a">2317-0190</subfield>
</datafield>
<datafield tag="022" ind1="#" ind2="#">
<subfield code="$a">0104-7795</subfield>
</datafield>
<datafield tag="042" ind1=" " ind2=" ">
<subfield code="a">dc</subfield>
</datafield>
<datafield tag="245" ind1="0" ind2="0">
<subfield code="a">Neuroimagem e desenvolvimento motor de gêmeas com microcefalia congênita por Zika virus: estudo de caso</subfield>
</datafield>  <datafield tag="720" ind1="1" ind2=" ">
<subfield code="a">Klinger, Tainã Ribeiro</subfield>
<subfield code="u">Universidade Federal de Sergipe - UFS</subfield><subfield code="0">https://orcid.org/0000-0002-2165-1334</subfield></datafield>
<datafield tag="720" ind1="1" ind2=" ">
<subfield code="a">Sanada, Luciana Sayuri</subfield>
<subfield code="u">Universidade do Estado de Santa Catarina – UDESC</subfield><subfield code="0">https://orcid.org/0000-0002-6530-6831</subfield></datafield>
<datafield tag="720" ind1="1" ind2=" ">
<subfield code="a">Menegol, Natalia Alves</subfield>
<subfield code="u">Universidade do Estado de Santa Catarina – UDESC</subfield><subfield code="0">https://orcid.org/0000-0003-3407-9776</subfield></datafield>
<datafield tag="720" ind1="1" ind2=" ">
<subfield code="a">Lima, Viviane de Rezende Santos Passos</subfield>
<subfield code="u">Universidade Federal de Sergipe - UFS</subfield></datafield>
<datafield tag="720" ind1="1" ind2=" ">
<subfield code="a">Melo, Gabriela Amorim </subfield>
<subfield code="u">Universidade Federal de Sergipe - UFS</subfield></datafield>
<datafield tag="720" ind1="1" ind2=" ">
<subfield code="a">Guedes, Ellen Soares</subfield>
<subfield code="u">Universidade Federal de Sergipe - UFS</subfield></datafield>
<datafield tag="720" ind1="1" ind2=" ">
<subfield code="a">Sato, Karina Laurenti</subfield>
<subfield code="u">Universidade Federal de Sergipe - UFS</subfield><subfield code="0">https://orcid.org/0000-0003-3641-1832</subfield></datafield>
<datafield tag="520" ind1=" " ind2=" ">
<subfield code="a"> Objective: We aimed to describe a case of congenital microcephaly caused by Zika virus infection in a monozygotic twin pregnancy. Methods: Transfontanelle ultrasonography and cranial computed tomography revealed different lesion patterns for both twins with congenital microcephaly caused by Zika virus infection. Motor development assessments were performed using the Alberta Infant Motor Scale and the Gross and Motor Function Measure before, during, and after physiotherapy. Results: The evaluations showed differences in motor acquisition between the twins. The values in the first case were much lower than those in the second case, which showed more motor delay. Conclussion: The present study showed that despite the twins being monozygotic, the effects of neurological lesions as revealed by neuroimaging were worse in the first case, and even with two weekly rehabilitation sessions, motor development over time was considerably worse in the twin in case 1 than in the other twin.     </subfield>
</datafield>
<datafield tag="260" ind1=" " ind2=" ">
<subfield code="b">Faculdade de Medicina, Universidade de São Paulo</subfield>
</datafield>
<dataField tag="260" ind1=" " ind2=" ">
<subfield code="c">2021-09-30 00:00:00</subfield>
</dataField>   <datafield tag="856" ind1=" " ind2=" ">
<subfield code="q">application/pdf</subfield>
</datafield>
<datafield tag="856" ind1="4" ind2="0">
<subfield code="u">https://www.revistas.usp.br/actafisiatrica/article/view/181212</subfield>
</datafield>  <datafield tag="786" ind1="0" ind2=" ">
<subfield code="n">Acta Fisiátrica; v. 28 n. 3 (2021)</subfield>
</datafield>  <datafield tag="546" ind1=" " ind2=" ">
<subfield code="a">eng</subfield>
</datafield>   <datafield tag="540" ind1=" " ind2=" ">
<subfield code="a">Copyright (c) 2021 Acta Fisiátrica</subfield>
</datafield>
</record>
</metadata>
</record>