
<record>
<header>
<identifier>oai:revistas.usp.br:article/181617</identifier>
<datestamp>2022-09-27T14:54:06Z</datestamp>
<setSpec>actafisiatrica:Art.+Rev.</setSpec>
<setSpec>driver</setSpec>
</header>
<metadata>
<record xmlns="http://www.loc.gov/MARC21/slim" xmlns:xsi="http://www.w3.org/2001/XMLSchema-instance" xsi:schemaLocation="http://www.loc.gov/MARC21/slim http://www.loc.gov/standards/marcxml/schema/MARC21slim.xsd">
<leader>     nmb a2200000Iu 4500</leader>
<controlfield tag="008">"220628 2022                        eng  "</controlfield>
<datafield tag="022" ind1="#" ind2="#">
<subfield code="$a">2317-0190</subfield>
</datafield>
<datafield tag="022" ind1="#" ind2="#">
<subfield code="$a">0104-7795</subfield>
</datafield>
<datafield tag="042" ind1=" " ind2=" ">
<subfield code="a">dc</subfield>
</datafield>
<datafield tag="245" ind1="0" ind2="0">
<subfield code="a">Métodos de estimativa do gasto energético em amputados de membro inferior: uma revisão sistemática</subfield>
</datafield>  <datafield tag="720" ind1="1" ind2=" ">
<subfield code="a">Lima, David Braga de</subfield>
<subfield code="u">Universidade do Estado de Santa Catarina</subfield></datafield>
<datafield tag="720" ind1="1" ind2=" ">
<subfield code="a">Piovezana, Poliana</subfield>
<subfield code="u">Instituto de Ensino Superior da Grande Florianópolis</subfield></datafield>
<datafield tag="720" ind1="1" ind2=" ">
<subfield code="a">Silva, Franciele Cascaes da</subfield>
<subfield code="u">Universidade do Sul de Santa Catarina</subfield></datafield>
<datafield tag="720" ind1="1" ind2=" ">
<subfield code="a">Silva, Beatriz Azevedo da</subfield>
<subfield code="u">Universidade do Estado de Santa Catarina</subfield></datafield>
<datafield tag="720" ind1="1" ind2=" ">
<subfield code="a">Silva, Guilherme Boese da</subfield>
<subfield code="u">Universidade do Estado de Santa Catarina</subfield></datafield>
<datafield tag="720" ind1="1" ind2=" ">
<subfield code="a">Silva, Diego Rodrigues Pimentel da</subfield>
<subfield code="u">Universidade de Brasília</subfield></datafield>
<datafield tag="720" ind1="1" ind2=" ">
<subfield code="a">Gutierres Filho, Paulo José Barbosa</subfield>
<subfield code="u">Universidade de Brasília</subfield></datafield>
<datafield tag="720" ind1="1" ind2=" ">
<subfield code="a">Silva, Rudney da</subfield>
<subfield code="u">Universidade do Estado de Santa Catarina</subfield></datafield>
<datafield tag="520" ind1=" " ind2=" ">
<subfield code="a"> Objetivo: Identificar os métodos utilizados para determinar o gasto energético de pessoas com amputação de membro inferior. Método: Revisão sistemática, foram selecionadas as bases de dados MedLine (Medical Literature Analysis and Retrieval System on-line) via Pubmed, Web of Science, Scopus (Elsevier), PsycINFO - APA Psycnet (American Psychological Association) e SPORTDiscus. Foram incluídos estudos originais, observacionais, experimentais, que abordaram a temática do gasto energético em amputados de membro inferior, disponíveis na íntegra, nos idiomas inglês, português e espanhol. Resultados: Os estudos utilizaram principalmente a avaliação do consumo de oxigênio (VO2) por meio do teste de Ergoespirometria e o Índice de Custo Fisiológico através da Frequência Cardíaca. No entanto, algumas pesquisas utilizaram a Escala Subjetiva de Percepção de Esforço, a Escala de aptidão autorreferida e um questionário relacionado a percepção da capacidade de andar. Conclusão: O VO2 é a variável mais fidedigna para avaliação do consumo energético, contudo, testes com medidas diretas podem ser mais difíceis de aplicar, pelas alterações recorrentes à amputação, podendo comprometer o resultado, assim, o uso de variáveis que estimem o consumo energético por meio de medidas indiretas se torna uma alternativa válida, mas é necessário atentar-se no uso da Frequência Cardíaca em populações que utilizem algum tipo de medicamento que possa alterar ou comprometer o resultado. </subfield>
</datafield>
<datafield tag="260" ind1=" " ind2=" ">
<subfield code="b">Faculdade de Medicina, Universidade de São Paulo</subfield>
</datafield>
<dataField tag="260" ind1=" " ind2=" ">
<subfield code="c">2022-06-28 14:49:26</subfield>
</dataField>   <datafield tag="856" ind1=" " ind2=" ">
<subfield code="q">application/pdf</subfield>
</datafield>
<datafield tag="856" ind1="4" ind2="0">
<subfield code="u">https://www.revistas.usp.br/actafisiatrica/article/view/181617</subfield>
</datafield>  <datafield tag="786" ind1="0" ind2=" ">
<subfield code="n">Acta Fisiátrica; v. 29 n. 2 (2022)</subfield>
</datafield>  <datafield tag="546" ind1=" " ind2=" ">
<subfield code="a">por</subfield>
</datafield>   <datafield tag="540" ind1=" " ind2=" ">
<subfield code="a">Copyright (c) 2022 Acta Fisiátrica</subfield>
</datafield>
</record>
</metadata>
</record>