
<record>
<header>
<identifier>oai:revistas.usp.br:article/181686</identifier>
<datestamp>2022-09-27T14:54:06Z</datestamp>
<setSpec>actafisiatrica:Art.+Orig.</setSpec>
<setSpec>driver</setSpec>
</header>
<metadata>
<record xmlns="http://www.loc.gov/MARC21/slim" xmlns:xsi="http://www.w3.org/2001/XMLSchema-instance" xsi:schemaLocation="http://www.loc.gov/MARC21/slim http://www.loc.gov/standards/marcxml/schema/MARC21slim.xsd">
<leader>     nmb a2200000Iu 4500</leader>
<controlfield tag="008">"220628 2022                        eng  "</controlfield>
<datafield tag="022" ind1="#" ind2="#">
<subfield code="$a">2317-0190</subfield>
</datafield>
<datafield tag="022" ind1="#" ind2="#">
<subfield code="$a">0104-7795</subfield>
</datafield>
<datafield tag="042" ind1=" " ind2=" ">
<subfield code="a">dc</subfield>
</datafield>
<datafield tag="245" ind1="0" ind2="0">
<subfield code="a">Relação entre marcadores hematológicos, endócrinos e imunológicos e a sarcopenia em idosos</subfield>
</datafield>  <datafield tag="720" ind1="1" ind2=" ">
<subfield code="a">Pillatt, Ana Paula</subfield>
<subfield code="u">Universidade Regional do Noroeste do Estado do Rio Grande do Sul</subfield><subfield code="0">https://orcid.org/0000-0002-0388-4476</subfield></datafield>
<datafield tag="720" ind1="1" ind2=" ">
<subfield code="a">Franz, Ligia Beatriz Bento</subfield>
<subfield code="u">Universidade Regional do Noroeste do Estado do Rio Grande do Sul</subfield><subfield code="0">https://orcid.org/0000-0002-8253-1723</subfield></datafield>
<datafield tag="720" ind1="1" ind2=" ">
<subfield code="a">Berlezi, Evelise Moraes</subfield>
<subfield code="u">Universidade Regional do Noroeste do Estado do Rio Grande do Sul</subfield><subfield code="0">https://orcid.org/0000-0003-1441-9294</subfield></datafield>
<datafield tag="720" ind1="1" ind2=" ">
<subfield code="a">Schneider, Rodolfo Herberto</subfield>
<subfield code="u">Pontifícia Universidade Católica do Rio Grande do Sul</subfield><subfield code="0">https://orcid.org/0000-0001-6946-8056</subfield></datafield>
<datafield tag="520" ind1=" " ind2=" ">
<subfield code="a"> Objective: To relate hematological, endocrine and immunological markers to the criteria for classifying sarcopenia in older people residents in the community. Method: Cross-sectional study, linked to the institutional research “Integrated Health Care for Older People”. The study population consisted of males and females aged 60 years or more and assisted in primary health care. The research protocol included an interview and physical examination to evaluate the sarcopenia criteria. Analysis of the following were done: complete blood count, 25-hydroxyvitamin D, parathyroid hormone, insulin-like growth factor-1, interleukin-6 and C-reactive protein. Statistical analysis included the Mann-Whitney test, Pearson&#039;s chi-square test, Fisher&#039;s exact test and Odds Ratio. Results: There was a relationship between interleukin-6 (p= 0,004), erythrocytes (p= 0,038), hemoglobin (p&lt;0,001) and hematocrit (p= 0,002) with sarcopenia. It was also observed that the older people with altered muscular strength had lower values of hematocrit (p= 0,037) and higher of interleukin-6 (p= 0,002); and with altered physical performance had lower values of leukocytes (p= 0,024), hemoglobin (p&lt;0,001), hematocrit (p= 0,007) and 25-hydroxyvitamin D (p= 0,034) and higher levels of parathyroid hormone (p= 0,018) and interleukin-6 (p= 0,002). Conclusion: It is suggested to evaluate and monitor the levels of interleukin-6, parathyroid hormone, 25-hydroxyvitamin D and the red blood count series during care practice. </subfield>
</datafield>
<datafield tag="260" ind1=" " ind2=" ">
<subfield code="b">Faculdade de Medicina, Universidade de São Paulo</subfield>
</datafield>
<dataField tag="260" ind1=" " ind2=" ">
<subfield code="c">2022-06-28 14:49:26</subfield>
</dataField>   <datafield tag="856" ind1=" " ind2=" ">
<subfield code="q">application/pdf</subfield>
</datafield>
<datafield tag="856" ind1="4" ind2="0">
<subfield code="u">https://www.revistas.usp.br/actafisiatrica/article/view/181686</subfield>
</datafield>  <datafield tag="786" ind1="0" ind2=" ">
<subfield code="n">Acta Fisiátrica; v. 29 n. 2 (2022)</subfield>
</datafield>  <datafield tag="546" ind1=" " ind2=" ">
<subfield code="a">eng</subfield>
</datafield>   <datafield tag="540" ind1=" " ind2=" ">
<subfield code="a">Copyright (c) 2022 Acta Fisiátrica</subfield>
</datafield>
</record>
</metadata>
</record>