
<record>
<header>
<identifier>oai:revistas.usp.br:article/181737</identifier>
<datestamp>2021-07-23T18:11:16Z</datestamp>
<setSpec>actafisiatrica:Art.+Orig.</setSpec>
<setSpec>driver</setSpec>
</header>
<metadata>
<record xmlns="http://www.loc.gov/MARC21/slim" xmlns:xsi="http://www.w3.org/2001/XMLSchema-instance" xsi:schemaLocation="http://www.loc.gov/MARC21/slim http://www.loc.gov/standards/marcxml/schema/MARC21slim.xsd">
<leader>     nmb a2200000Iu 4500</leader>
<controlfield tag="008">"210331 2021                        eng  "</controlfield>
<datafield tag="022" ind1="#" ind2="#">
<subfield code="$a">2317-0190</subfield>
</datafield>
<datafield tag="022" ind1="#" ind2="#">
<subfield code="$a">0104-7795</subfield>
</datafield>
<datafield tag="042" ind1=" " ind2=" ">
<subfield code="a">dc</subfield>
</datafield>
<datafield tag="245" ind1="0" ind2="0">
<subfield code="a">Estudo de validação de um programa de computador para avaliação proprioceptiva</subfield>
</datafield>  <datafield tag="720" ind1="1" ind2=" ">
<subfield code="a"> Ferreira, Henrique Franco</subfield>
<subfield code="u">Universidade Federal de Alfenas - UNIFAL</subfield><subfield code="0">https://orcid.org/0000-0002-3692-7591</subfield></datafield>
<datafield tag="720" ind1="1" ind2=" ">
<subfield code="a">Carvalho, Leonardo César</subfield>
<subfield code="u">Universidade Federal de Alfenas - UNIFAL</subfield><subfield code="0">https://orcid.org/0000-0001-6511-8315</subfield></datafield>
<datafield tag="720" ind1="1" ind2=" ">
<subfield code="a">Bressan, Paulo Alexandre</subfield>
<subfield code="u">Universidade Federal de Alfenas - UNIFAL</subfield><subfield code="0">https://orcid.org/0000-0003-3576-6009</subfield></datafield>
<datafield tag="720" ind1="1" ind2=" ">
<subfield code="a">Souza, Renato Aparecido de</subfield>
<subfield code="u">Instituto Federal de Educação, Ciência e Tecnologia do Sul de Minas - IFSULDEMINAS</subfield><subfield code="0">https://orcid.org/0000-0003-0125-411X</subfield></datafield>
<datafield tag="720" ind1="1" ind2=" ">
<subfield code="a"> Simão, Adriano Prado</subfield>
<subfield code="u">Universidade Federal de Alfenas - UNIFAL</subfield><subfield code="0">https://orcid.org/0000-0002-4252-0835</subfield></datafield>
<datafield tag="720" ind1="1" ind2=" ">
<subfield code="a">Iunes, Denise Hollanda</subfield>
<subfield code="u">Universidade Federal de Alfenas - UNIFAL</subfield><subfield code="0">https://orcid.org/0000-0003-1396-9980</subfield></datafield>
<datafield tag="520" ind1=" " ind2=" ">
<subfield code="a"> Objective: To validate the PhisioPlay software for proprioceptive evaluation of the shoulder joint based on the data obtained by isokinetic dynamometry equipment. Methods: Thirty-one individuals constituted a single group for proprioceptive evaluation of both shoulder joints by means of joint position sense (JPS). The testing protocol of PhisioPlay consisted of the abduction movement of the shoulder to the target angles of 45° and 90° and the maintenance of these positions for 30 seconds. In the isokinetic dynamometer, the test was performed using its proprioceptive evaluation protocol for the same movement, target angles, and maintenance time established for the previous test. Results: For the 90° variables, statistical analysis pointed to agreement for the dominant limb in relation to the mean angulation and the absolute difference and for the non-dominant limb in relation to the absolute difference. The results of mean comparisons of the absolute differences via the Wilcoxon Test corroborate the literature regarding the behavior of the JPS considering joint amplitude, lateral dominance, and greater or lesser torque affecting the joint. Reliability and sensitivity measures also strengthen the conclusions. Conclusion: The results point to the construct validity of the PhisioPlay software for evaluating the JPS of the shoulder joint at 45° and 90° and suggest that the JPS is more influenced by the angle of the joint during the motor task than by the lateral dominance. </subfield>
</datafield>
<datafield tag="260" ind1=" " ind2=" ">
<subfield code="b">Faculdade de Medicina, Universidade de São Paulo</subfield>
</datafield>
<dataField tag="260" ind1=" " ind2=" ">
<subfield code="c">2021-03-31 00:00:00</subfield>
</dataField>   <datafield tag="856" ind1=" " ind2=" ">
<subfield code="q">application/pdf</subfield>
</datafield>
<datafield tag="856" ind1="4" ind2="0">
<subfield code="u">https://www.revistas.usp.br/actafisiatrica/article/view/181737</subfield>
</datafield>  <datafield tag="786" ind1="0" ind2=" ">
<subfield code="n">Acta Fisiátrica; v. 28 n. 1 (2021)</subfield>
</datafield>  <datafield tag="546" ind1=" " ind2=" ">
<subfield code="a">eng</subfield>
</datafield>   <datafield tag="540" ind1=" " ind2=" ">
<subfield code="a">Copyright (c) 2021 Acta Fisiátrica</subfield>
</datafield>
</record>
</metadata>
</record>
<resumptionToken expirationDate="2023-08-08T14:50:33Z" completeListSize="935" cursor="775">9650935c6d6bb17b5625c787180f5c9f</resumptionToken>
</ListRecords>
</OAI-PMH> 